%YAML 1.1
%TAG !u! tag:unity3d.com,2011:
--- !u!29 &1
OcclusionCullingSettings:
  m_ObjectHideFlags: 0
  serializedVersion: 2
  m_OcclusionBakeSettings:
    smallestOccluder: 5
    smallestHole: 0.25
    backfaceThreshold: 100
  m_SceneGUID: 00000000000000000000000000000000
  m_OcclusionCullingData: {fileID: 0}
--- !u!104 &2
RenderSettings:
  m_ObjectHideFlags: 0
  serializedVersion: 9
  m_Fog: 0
  m_FogColor: {r: 0.5, g: 0.5, b: 0.5, a: 1}
  m_FogMode: 3
  m_FogDensity: 0.01
  m_LinearFogStart: 0
  m_LinearFogEnd: 300
  m_AmbientSkyColor: {r: 0.212, g: 0.227, b: 0.259, a: 1}
  m_AmbientEquatorColor: {r: 0.114, g: 0.125, b: 0.133, a: 1}
  m_AmbientGroundColor: {r: 0.047, g: 0.043, b: 0.035, a: 1}
  m_AmbientIntensity: 1
  m_AmbientMode: 0
  m_SubtractiveShadowColor: {r: 0.42, g: 0.478, b: 0.627, a: 1}
  m_SkyboxMaterial: {fileID: 10304, guid: 0000000000000000f000000000000000, type: 0}
  m_HaloStrength: 0.5
  m_FlareStrength: 1
  m_FlareFadeSpeed: 3
  m_HaloTexture: {fileID: 0}
  m_SpotCookie: {fileID: 10001, guid: 0000000000000000e000000000000000, type: 0}
  m_DefaultReflectionMode: 0
  m_DefaultReflectionResolution: 128
  m_ReflectionBounces: 1
  m_ReflectionIntensity: 1
  m_CustomReflection: {fileID: 0}
  m_Sun: {fileID: 705507994}
  m_IndirectSpecularColor: {r: 0.44657898, g: 0.4964133, b: 0.5748178, a: 1}
  m_UseRadianceAmbientProbe: 0
--- !u!157 &3
LightmapSettings:
  m_ObjectHideFlags: 0
  serializedVersion: 11
  m_GIWorkflowMode: 0
  m_GISettings:
    serializedVersion: 2
    m_BounceScale: 1
    m_IndirectOutputScale: 1
    m_AlbedoBoost: 1
    m_EnvironmentLightingMode: 0
    m_EnableBakedLightmaps: 1
    m_EnableRealtimeLightmaps: 1
  m_LightmapEditorSettings:
    serializedVersion: 12
    m_Resolution: 2
    m_BakeResolution: 40
    m_AtlasSize: 1024
    m_AO: 0
    m_AOMaxDistance: 1
    m_CompAOExponent: 1
    m_CompAOExponentDirect: 0
    m_ExtractAmbientOcclusion: 0
    m_Padding: 2
    m_LightmapParameters: {fileID: 0}
    m_LightmapsBakeMode: 1
    m_TextureCompression: 1
    m_FinalGather: 0
    m_FinalGatherFiltering: 1
    m_FinalGatherRayCount: 256
    m_ReflectionCompression: 2
    m_MixedBakeMode: 2
    m_BakeBackend: 1
    m_PVRSampling: 1
    m_PVRDirectSampleCount: 32
    m_PVRSampleCount: 500
    m_PVRBounces: 2
    m_PVREnvironmentSampleCount: 500
    m_PVREnvironmentReferencePointCount: 2048
    m_PVRFilteringMode: 2
    m_PVRDenoiserTypeDirect: 0
    m_PVRDenoiserTypeIndirect: 0
    m_PVRDenoiserTypeAO: 0
    m_PVRFilterTypeDirect: 0
    m_PVRFilterTypeIndirect: 0
    m_PVRFilterTypeAO: 0
    m_PVREnvironmentMIS: 0
    m_PVRCulling: 1
    m_PVRFilteringGaussRadiusDirect: 1
    m_PVRFilteringGaussRadiusIndirect: 5
    m_PVRFilteringGaussRadiusAO: 2
    m_PVRFilteringAtrousPositionSigmaDirect: 0.5
    m_PVRFilteringAtrousPositionSigmaIndirect: 2
    m_PVRFilteringAtrousPositionSigmaAO: 1
    m_ExportTrainingData: 0
    m_TrainingDataDestination: TrainingData
  m_LightingDataAsset: {fileID: 0}
  m_UseShadowmask: 1
--- !u!196 &4
NavMeshSettings:
  serializedVersion: 2
  m_ObjectHideFlags: 0
  m_BuildSettings:
    serializedVersion: 2
    agentTypeID: 0
    agentRadius: 0.5
    agentHeight: 2
    agentSlope: 45
    agentClimb: 0.4
    ledgeDropHeight: 0
    maxJumpAcrossDistance: 0
    minRegionArea: 2
    manualCellSize: 0
    cellSize: 0.16666667
    manualTileSize: 0
    tileSize: 256
    accuratePlacement: 0
    debug:
      m_Flags: 0
  m_NavMeshData: {fileID: 0}
--- !u!1 &18980929
GameObject:
  m_ObjectHideFlags: 0
  m_CorrespondingSourceObject: {fileID: 0}
  m_PrefabInstance: {fileID: 0}
  m_PrefabAsset: {fileID: 0}
  serializedVersion: 6
  m_Component:
  - component: {fileID: 18980930}
  - component: {fileID: 18980933}
  - component: {fileID: 18980932}
  - component: {fileID: 18980931}
  m_Layer: 5
  m_Name: Button
  m_TagString: Untagged
  m_Icon: {fileID: 0}
  m_NavMeshLayer: 0
  m_StaticEditorFlags: 0
  m_IsActive: 1
--- !u!224 &18980930
RectTransform:
  m_ObjectHideFlags: 0
  m_CorrespondingSourceObject: {fileID: 0}
  m_PrefabInstance: {fileID: 0}
  m_PrefabAsset: {fileID: 0}
  m_GameObject: {fileID: 18980929}
  m_LocalRotation: {x: 0, y: 0, z: 0, w: 1}
  m_LocalPosition: {x: 0, y: 0, z: 0}
  m_LocalScale: {x: 1, y: 1, z: 1}
  m_Children:
  - {fileID: 196643371}
  m_Father: {fileID: 1005895433}
  m_RootOrder: 1
  m_LocalEulerAnglesHint: {x: 0, y: 0, z: 0}
  m_AnchorMin: {x: 1, y: 0}
  m_AnchorMax: {x: 1, y: 0}
  m_AnchoredPosition: {x: -25.199951, y: 26.900024}
  m_SizeDelta: {x: 12, y: 26}
  m_Pivot: {x: -0.13048767, y: 0.5}
--- !u!114 &18980931
MonoBehaviour:
  m_ObjectHideFlags: 0
  m_CorrespondingSourceObject: {fileID: 0}
  m_PrefabInstance: {fileID: 0}
  m_PrefabAsset: {fileID: 0}
  m_GameObject: {fileID: 18980929}
  m_Enabled: 1
  m_EditorHideFlags: 0
  m_Script: {fileID: 11500000, guid: 4e29b1a8efbd4b44bb3f3716e73f07ff, type: 3}
  m_Name: 
  m_EditorClassIdentifier: 
  m_Navigation:
    m_Mode: 3
    m_SelectOnUp: {fileID: 0}
    m_SelectOnDown: {fileID: 0}
    m_SelectOnLeft: {fileID: 0}
    m_SelectOnRight: {fileID: 0}
  m_Transition: 1
  m_Colors:
    m_NormalColor: {r: 1, g: 1, b: 1, a: 1}
    m_HighlightedColor: {r: 0.9607843, g: 0.9607843, b: 0.9607843, a: 1}
    m_PressedColor: {r: 0.78431374, g: 0.78431374, b: 0.78431374, a: 1}
    m_SelectedColor: {r: 0.9607843, g: 0.9607843, b: 0.9607843, a: 1}
    m_DisabledColor: {r: 0.78431374, g: 0.78431374, b: 0.78431374, a: 0.5019608}
    m_ColorMultiplier: 1
    m_FadeDuration: 0.1
  m_SpriteState:
    m_HighlightedSprite: {fileID: 0}
    m_PressedSprite: {fileID: 0}
    m_SelectedSprite: {fileID: 0}
    m_DisabledSprite: {fileID: 0}
  m_AnimationTriggers:
    m_NormalTrigger: Normal
    m_HighlightedTrigger: Highlighted
    m_PressedTrigger: Pressed
    m_SelectedTrigger: Selected
    m_DisabledTrigger: Disabled
  m_Interactable: 1
  m_TargetGraphic: {fileID: 18980932}
  m_OnClick:
    m_PersistentCalls:
      m_Calls:
      - m_Target: {fileID: 1263399423}
        m_MethodName: OpenCloseTowerMenu
        m_Mode: 1
        m_Arguments:
          m_ObjectArgument: {fileID: 0}
          m_ObjectArgumentAssemblyTypeName: UnityEngine.Object, UnityEngine
          m_IntArgument: 0
          m_FloatArgument: 0
          m_StringArgument: 
          m_BoolArgument: 0
        m_CallState: 2
--- !u!114 &18980932
MonoBehaviour:
  m_ObjectHideFlags: 0
  m_CorrespondingSourceObject: {fileID: 0}
  m_PrefabInstance: {fileID: 0}
  m_PrefabAsset: {fileID: 0}
  m_GameObject: {fileID: 18980929}
  m_Enabled: 1
  m_EditorHideFlags: 0
  m_Script: {fileID: 11500000, guid: fe87c0e1cc204ed48ad3b37840f39efc, type: 3}
  m_Name: 
  m_EditorClassIdentifier: 
  m_Material: {fileID: 0}
  m_Color: {r: 1, g: 1, b: 1, a: 1}
  m_RaycastTarget: 1
  m_OnCullStateChanged:
    m_PersistentCalls:
      m_Calls: []
  m_Sprite: {fileID: 21300000, guid: e87e973aa97e2cf41885259822725eb5, type: 3}
  m_Type: 1
  m_PreserveAspect: 0
  m_FillCenter: 1
  m_FillMethod: 4
  m_FillAmount: 1
  m_FillClockwise: 1
  m_FillOrigin: 0
  m_UseSpriteMesh: 0
  m_PixelsPerUnitMultiplier: 1
--- !u!222 &18980933
CanvasRenderer:
  m_ObjectHideFlags: 0
  m_CorrespondingSourceObject: {fileID: 0}
  m_PrefabInstance: {fileID: 0}
  m_PrefabAsset: {fileID: 0}
  m_GameObject: {fileID: 18980929}
  m_CullTransparentMesh: 0
--- !u!1 &37756996
GameObject:
  m_ObjectHideFlags: 0
  m_CorrespondingSourceObject: {fileID: 0}
  m_PrefabInstance: {fileID: 0}
  m_PrefabAsset: {fileID: 0}
  serializedVersion: 6
  m_Component:
  - component: {fileID: 37756997}
  - component: {fileID: 37756999}
  m_Layer: 0
  m_Name: MobSpawner
  m_TagString: Untagged
  m_Icon: {fileID: 0}
  m_NavMeshLayer: 0
  m_StaticEditorFlags: 0
  m_IsActive: 1
--- !u!4 &37756997
Transform:
  m_ObjectHideFlags: 0
  m_CorrespondingSourceObject: {fileID: 0}
  m_PrefabInstance: {fileID: 0}
  m_PrefabAsset: {fileID: 0}
  m_GameObject: {fileID: 37756996}
  m_LocalRotation: {x: -0, y: -0, z: -0, w: 1}
  m_LocalPosition: {x: 0, y: 0, z: 0}
  m_LocalScale: {x: 1, y: 1, z: 1}
  m_Children: []
  m_Father: {fileID: 2039403442}
  m_RootOrder: 1
  m_LocalEulerAnglesHint: {x: 0, y: 0, z: 0}
--- !u!114 &37756999
MonoBehaviour:
  m_ObjectHideFlags: 0
  m_CorrespondingSourceObject: {fileID: 0}
  m_PrefabInstance: {fileID: 0}
  m_PrefabAsset: {fileID: 0}
  m_GameObject: {fileID: 37756996}
  m_Enabled: 1
  m_EditorHideFlags: 0
  m_Script: {fileID: 11500000, guid: e8a0f45688c4b8f41bd13066a500dd67, type: 3}
  m_Name: 
  m_EditorClassIdentifier: 
  maxNumberOfMobsOnScene: 15
  _enemyPrefab: {fileID: 3851453798216367174, guid: e4716eb08e24f244cbdf38f304c7c535,
    type: 3}
  enemySpawnInterval: 3
  spawnPoints:
  - {fileID: 918162026}
  - {fileID: 1803343343489906076}
  currentNumberOfMobs: 0
--- !u!4 &93467322 stripped
Transform:
  m_CorrespondingSourceObject: {fileID: -4216859302048453862, guid: b8cccfae03e85a64487dba42986dcfe0,
    type: 3}
  m_PrefabInstance: {fileID: 1142943196}
  m_PrefabAsset: {fileID: 0}
--- !u!1 &132144893
GameObject:
  m_ObjectHideFlags: 0
  m_CorrespondingSourceObject: {fileID: 0}
  m_PrefabInstance: {fileID: 0}
  m_PrefabAsset: {fileID: 0}
  serializedVersion: 6
  m_Component:
  - component: {fileID: 132144894}
  - component: {fileID: 132144895}
  m_Layer: 0
  m_Name: GameObject
  m_TagString: Untagged
  m_Icon: {fileID: 0}
  m_NavMeshLayer: 0
  m_StaticEditorFlags: 0
  m_IsActive: 1
--- !u!4 &132144894
Transform:
  m_ObjectHideFlags: 0
  m_CorrespondingSourceObject: {fileID: 0}
  m_PrefabInstance: {fileID: 0}
  m_PrefabAsset: {fileID: 0}
  m_GameObject: {fileID: 132144893}
  m_LocalRotation: {x: 0, y: 0, z: 0, w: 1}
  m_LocalPosition: {x: 0, y: 0, z: 0}
  m_LocalScale: {x: 1, y: 1, z: 1}
  m_Children: []
  m_Father: {fileID: 2039403442}
  m_RootOrder: 2
  m_LocalEulerAnglesHint: {x: 0, y: 0, z: 0}
--- !u!114 &132144895
MonoBehaviour:
  m_ObjectHideFlags: 0
  m_CorrespondingSourceObject: {fileID: 0}
  m_PrefabInstance: {fileID: 0}
  m_PrefabAsset: {fileID: 0}
  m_GameObject: {fileID: 132144893}
  m_Enabled: 1
  m_EditorHideFlags: 0
  m_Script: {fileID: 11500000, guid: f4ea79e2e96a1ca4c8ef9efc0215be4e, type: 3}
  m_Name: 
  m_EditorClassIdentifier: 
--- !u!1 &133655395
GameObject:
  m_ObjectHideFlags: 0
  m_CorrespondingSourceObject: {fileID: 0}
  m_PrefabInstance: {fileID: 0}
  m_PrefabAsset: {fileID: 0}
  serializedVersion: 6
  m_Component:
  - component: {fileID: 133655396}
  - component: {fileID: 133655399}
  - component: {fileID: 133655398}
  - component: {fileID: 133655397}
  m_Layer: 0
  m_Name: Floor
  m_TagString: Untagged
  m_Icon: {fileID: 0}
  m_NavMeshLayer: 0
  m_StaticEditorFlags: 0
  m_IsActive: 1
--- !u!4 &133655396
Transform:
  m_ObjectHideFlags: 0
  m_CorrespondingSourceObject: {fileID: 0}
  m_PrefabInstance: {fileID: 0}
  m_PrefabAsset: {fileID: 0}
  m_GameObject: {fileID: 133655395}
  m_LocalRotation: {x: 0, y: 0, z: 0, w: 1}
  m_LocalPosition: {x: 0, y: -0.81, z: 0}
  m_LocalScale: {x: 120, y: 0.6, z: 90}
  m_Children: []
  m_Father: {fileID: 1977292148}
  m_RootOrder: 1
  m_LocalEulerAnglesHint: {x: 0, y: 0, z: 0}
--- !u!65 &133655397
BoxCollider:
  m_ObjectHideFlags: 0
  m_CorrespondingSourceObject: {fileID: 0}
  m_PrefabInstance: {fileID: 0}
  m_PrefabAsset: {fileID: 0}
  m_GameObject: {fileID: 133655395}
  m_Material: {fileID: 0}
  m_IsTrigger: 0
  m_Enabled: 1
  serializedVersion: 2
  m_Size: {x: 1, y: 1, z: 1}
  m_Center: {x: 0, y: 0, z: 0}
--- !u!23 &133655398
MeshRenderer:
  m_ObjectHideFlags: 0
  m_CorrespondingSourceObject: {fileID: 0}
  m_PrefabInstance: {fileID: 0}
  m_PrefabAsset: {fileID: 0}
  m_GameObject: {fileID: 133655395}
  m_Enabled: 1
  m_CastShadows: 1
  m_ReceiveShadows: 1
  m_DynamicOccludee: 1
  m_MotionVectors: 1
  m_LightProbeUsage: 1
  m_ReflectionProbeUsage: 1
  m_RenderingLayerMask: 1
  m_RendererPriority: 0
  m_Materials:
  - {fileID: 2100000, guid: f72c7677ccd9a71499d62c41dcb0f5e9, type: 2}
  m_StaticBatchInfo:
    firstSubMesh: 0
    subMeshCount: 0
  m_StaticBatchRoot: {fileID: 0}
  m_ProbeAnchor: {fileID: 0}
  m_LightProbeVolumeOverride: {fileID: 0}
  m_ScaleInLightmap: 1
  m_ReceiveGI: 1
  m_PreserveUVs: 0
  m_IgnoreNormalsForChartDetection: 0
  m_ImportantGI: 0
  m_StitchLightmapSeams: 1
  m_SelectedEditorRenderState: 3
  m_MinimumChartSize: 4
  m_AutoUVMaxDistance: 0.5
  m_AutoUVMaxAngle: 89
  m_LightmapParameters: {fileID: 0}
  m_SortingLayerID: 0
  m_SortingLayer: 0
  m_SortingOrder: 0
--- !u!33 &133655399
MeshFilter:
  m_ObjectHideFlags: 0
  m_CorrespondingSourceObject: {fileID: 0}
  m_PrefabInstance: {fileID: 0}
  m_PrefabAsset: {fileID: 0}
  m_GameObject: {fileID: 133655395}
  m_Mesh: {fileID: 10202, guid: 0000000000000000e000000000000000, type: 0}
--- !u!1 &196643370
GameObject:
  m_ObjectHideFlags: 0
  m_CorrespondingSourceObject: {fileID: 0}
  m_PrefabInstance: {fileID: 0}
  m_PrefabAsset: {fileID: 0}
  serializedVersion: 6
  m_Component:
  - component: {fileID: 196643371}
  - component: {fileID: 196643373}
  - component: {fileID: 196643372}
  m_Layer: 5
  m_Name: Text
  m_TagString: Untagged
  m_Icon: {fileID: 0}
  m_NavMeshLayer: 0
  m_StaticEditorFlags: 0
  m_IsActive: 1
--- !u!224 &196643371
RectTransform:
  m_ObjectHideFlags: 0
  m_CorrespondingSourceObject: {fileID: 0}
  m_PrefabInstance: {fileID: 0}
  m_PrefabAsset: {fileID: 0}
  m_GameObject: {fileID: 196643370}
  m_LocalRotation: {x: 0, y: 0, z: 0.7071068, w: 0.7071068}
  m_LocalPosition: {x: 0, y: 0, z: 0}
  m_LocalScale: {x: 1, y: 1, z: 1}
  m_Children: []
  m_Father: {fileID: 18980930}
  m_RootOrder: 0
  m_LocalEulerAnglesHint: {x: 0, y: 0, z: 90}
  m_AnchorMin: {x: 0.5, y: 0.5}
  m_AnchorMax: {x: 0.5, y: 0.5}
  m_AnchoredPosition: {x: 0.03000021, y: 0.03}
  m_SizeDelta: {x: 26, y: 12}
  m_Pivot: {x: 0.5, y: 0.5}
--- !u!114 &196643372
MonoBehaviour:
  m_ObjectHideFlags: 0
  m_CorrespondingSourceObject: {fileID: 0}
  m_PrefabInstance: {fileID: 0}
  m_PrefabAsset: {fileID: 0}
  m_GameObject: {fileID: 196643370}
  m_Enabled: 1
  m_EditorHideFlags: 0
  m_Script: {fileID: 11500000, guid: 5f7201a12d95ffc409449d95f23cf332, type: 3}
  m_Name: 
  m_EditorClassIdentifier: 
  m_Material: {fileID: 0}
  m_Color: {r: 0, g: 0, b: 0, a: 1}
  m_RaycastTarget: 1
  m_OnCullStateChanged:
    m_PersistentCalls:
      m_Calls: []
  m_FontData:
    m_Font: {fileID: 10102, guid: 0000000000000000e000000000000000, type: 0}
    m_FontSize: 5
    m_FontStyle: 0
    m_BestFit: 0
    m_MinSize: 0
    m_MaxSize: 129
    m_Alignment: 4
    m_AlignByGeometry: 0
    m_RichText: 1
    m_HorizontalOverflow: 0
    m_VerticalOverflow: 0
    m_LineSpacing: 1
  m_Text: Towers
--- !u!222 &196643373
CanvasRenderer:
  m_ObjectHideFlags: 0
  m_CorrespondingSourceObject: {fileID: 0}
  m_PrefabInstance: {fileID: 0}
  m_PrefabAsset: {fileID: 0}
  m_GameObject: {fileID: 196643370}
  m_CullTransparentMesh: 0
--- !u!4 &201495526 stripped
Transform:
  m_CorrespondingSourceObject: {fileID: 5486300082172557429, guid: 0b0ea05872b613d44935d6c21d649d1a,
    type: 3}
  m_PrefabInstance: {fileID: 1322134013}
  m_PrefabAsset: {fileID: 0}
--- !u!1 &441507562
GameObject:
  m_ObjectHideFlags: 0
  m_CorrespondingSourceObject: {fileID: 0}
  m_PrefabInstance: {fileID: 0}
  m_PrefabAsset: {fileID: 0}
  serializedVersion: 6
  m_Component:
  - component: {fileID: 441507565}
  - component: {fileID: 441507564}
  - component: {fileID: 441507563}
  m_Layer: 0
  m_Name: EventSystem
  m_TagString: Untagged
  m_Icon: {fileID: 0}
  m_NavMeshLayer: 0
  m_StaticEditorFlags: 0
  m_IsActive: 1
--- !u!114 &441507563
MonoBehaviour:
  m_ObjectHideFlags: 0
  m_CorrespondingSourceObject: {fileID: 0}
  m_PrefabInstance: {fileID: 0}
  m_PrefabAsset: {fileID: 0}
  m_GameObject: {fileID: 441507562}
  m_Enabled: 1
  m_EditorHideFlags: 0
  m_Script: {fileID: 11500000, guid: 4f231c4fb786f3946a6b90b886c48677, type: 3}
  m_Name: 
  m_EditorClassIdentifier: 
  m_HorizontalAxis: Horizontal
  m_VerticalAxis: Vertical
  m_SubmitButton: Submit
  m_CancelButton: Cancel
  m_InputActionsPerSecond: 10
  m_RepeatDelay: 0.5
  m_ForceModuleActive: 0
--- !u!114 &441507564
MonoBehaviour:
  m_ObjectHideFlags: 0
  m_CorrespondingSourceObject: {fileID: 0}
  m_PrefabInstance: {fileID: 0}
  m_PrefabAsset: {fileID: 0}
  m_GameObject: {fileID: 441507562}
  m_Enabled: 1
  m_EditorHideFlags: 0
  m_Script: {fileID: 11500000, guid: 76c392e42b5098c458856cdf6ecaaaa1, type: 3}
  m_Name: 
  m_EditorClassIdentifier: 
  m_FirstSelected: {fileID: 0}
  m_sendNavigationEvents: 1
  m_DragThreshold: 10
--- !u!4 &441507565
Transform:
  m_ObjectHideFlags: 0
  m_CorrespondingSourceObject: {fileID: 0}
  m_PrefabInstance: {fileID: 0}
  m_PrefabAsset: {fileID: 0}
  m_GameObject: {fileID: 441507562}
  m_LocalRotation: {x: 0, y: 0, z: 0, w: 1}
  m_LocalPosition: {x: 0, y: 0, z: 0}
  m_LocalScale: {x: 1, y: 1, z: 1}
  m_Children: []
  m_Father: {fileID: 0}
  m_RootOrder: 4
  m_LocalEulerAnglesHint: {x: 0, y: 0, z: 0}
--- !u!1 &442669666
GameObject:
  m_ObjectHideFlags: 0
  m_CorrespondingSourceObject: {fileID: 0}
  m_PrefabInstance: {fileID: 0}
  m_PrefabAsset: {fileID: 0}
  serializedVersion: 6
  m_Component:
  - component: {fileID: 442669667}
  - component: {fileID: 442669668}
  m_Layer: 0
  m_Name: NavMesh
  m_TagString: Untagged
  m_Icon: {fileID: 0}
  m_NavMeshLayer: 0
  m_StaticEditorFlags: 0
  m_IsActive: 1
--- !u!4 &442669667
Transform:
  m_ObjectHideFlags: 0
  m_CorrespondingSourceObject: {fileID: 0}
  m_PrefabInstance: {fileID: 0}
  m_PrefabAsset: {fileID: 0}
  m_GameObject: {fileID: 442669666}
  m_LocalRotation: {x: 0, y: 0, z: 0, w: 1}
  m_LocalPosition: {x: 0, y: 0, z: 0}
  m_LocalScale: {x: 1, y: 1, z: 1}
  m_Children: []
  m_Father: {fileID: 2039403442}
  m_RootOrder: 0
  m_LocalEulerAnglesHint: {x: 0, y: 0, z: 0}
--- !u!114 &442669668
MonoBehaviour:
  m_ObjectHideFlags: 0
  m_CorrespondingSourceObject: {fileID: 0}
  m_PrefabInstance: {fileID: 0}
  m_PrefabAsset: {fileID: 0}
  m_GameObject: {fileID: 442669666}
  m_Enabled: 1
  m_EditorHideFlags: 0
  m_Script: {fileID: 11500000, guid: 7a5ac11cc976e418e8d13136b07e1f52, type: 3}
  m_Name: 
  m_EditorClassIdentifier: 
  m_AgentTypeID: 0
  m_CollectObjects: 0
  m_Size: {x: 10, y: 10, z: 10}
  m_Center: {x: 0, y: 2, z: 0}
  m_LayerMask:
    serializedVersion: 2
    m_Bits: 4294967295
  m_UseGeometry: 0
  m_DefaultArea: 0
  m_IgnoreNavMeshAgent: 1
  m_IgnoreNavMeshObstacle: 1
  m_OverrideTileSize: 0
  m_TileSize: 256
  m_OverrideVoxelSize: 0
  m_VoxelSize: 0.14999999
  m_BuildHeightMesh: 0
  m_NavMeshData: {fileID: 23800000, guid: 63031a5e964c80c43887f82972ee24d1, type: 2}
--- !u!1 &527832395
GameObject:
  m_ObjectHideFlags: 0
  m_CorrespondingSourceObject: {fileID: 0}
  m_PrefabInstance: {fileID: 0}
  m_PrefabAsset: {fileID: 0}
  serializedVersion: 6
  m_Component:
  - component: {fileID: 527832396}
  - component: {fileID: 527832397}
  - component: {fileID: 527832398}
  - component: {fileID: 527832399}
  m_Layer: 0
  m_Name: FinishLine
  m_TagString: Finish
  m_Icon: {fileID: 0}
  m_NavMeshLayer: 0
  m_StaticEditorFlags: 0
  m_IsActive: 1
--- !u!4 &527832396
Transform:
  m_ObjectHideFlags: 0
  m_CorrespondingSourceObject: {fileID: 0}
  m_PrefabInstance: {fileID: 0}
  m_PrefabAsset: {fileID: 0}
  m_GameObject: {fileID: 527832395}
  m_LocalRotation: {x: -0, y: 1, z: -0, w: 0.0000015497205}
  m_LocalPosition: {x: 32.72, y: 0.83, z: 0.03}
  m_LocalScale: {x: 2.1593, y: 1.5989, z: 6.385009}
  m_Children: []
  m_Father: {fileID: 1528708022}
  m_RootOrder: 1
  m_LocalEulerAnglesHint: {x: 0, y: 180.00002, z: 0}
--- !u!33 &527832397
MeshFilter:
  m_ObjectHideFlags: 0
  m_CorrespondingSourceObject: {fileID: 0}
  m_PrefabInstance: {fileID: 0}
  m_PrefabAsset: {fileID: 0}
  m_GameObject: {fileID: 527832395}
  m_Mesh: {fileID: 10202, guid: 0000000000000000e000000000000000, type: 0}
--- !u!114 &527832398
MonoBehaviour:
  m_ObjectHideFlags: 0
  m_CorrespondingSourceObject: {fileID: 0}
  m_PrefabInstance: {fileID: 0}
  m_PrefabAsset: {fileID: 0}
  m_GameObject: {fileID: 527832395}
  m_Enabled: 1
  m_EditorHideFlags: 0
  m_Script: {fileID: 11500000, guid: 1a6dbcde64f69604ab2b5f655ba06224, type: 3}
  m_Name: 
  m_EditorClassIdentifier: 
  destroyDelay: 0.1
--- !u!65 &527832399
BoxCollider:
  m_ObjectHideFlags: 0
  m_CorrespondingSourceObject: {fileID: 0}
  m_PrefabInstance: {fileID: 0}
  m_PrefabAsset: {fileID: 0}
  m_GameObject: {fileID: 527832395}
  m_Material: {fileID: 0}
  m_IsTrigger: 1
  m_Enabled: 1
  serializedVersion: 2
  m_Size: {x: 1.7369274, y: 1, z: 1}
  m_Center: {x: 0.3684633, y: -0.3, z: 0}
--- !u!1 &662522366
GameObject:
  m_ObjectHideFlags: 0
  m_CorrespondingSourceObject: {fileID: 0}
  m_PrefabInstance: {fileID: 0}
  m_PrefabAsset: {fileID: 0}
  serializedVersion: 6
  m_Component:
  - component: {fileID: 662522367}
  - component: {fileID: 662522370}
  - component: {fileID: 662522369}
  - component: {fileID: 662522368}
  - component: {fileID: 662522371}
  m_Layer: 0
  m_Name: Cube (2)
  m_TagString: Untagged
  m_Icon: {fileID: 0}
  m_NavMeshLayer: 1
  m_StaticEditorFlags: 8
  m_IsActive: 1
--- !u!4 &662522367
Transform:
  m_ObjectHideFlags: 0
  m_CorrespondingSourceObject: {fileID: 0}
  m_PrefabInstance: {fileID: 0}
  m_PrefabAsset: {fileID: 0}
  m_GameObject: {fileID: 662522366}
  m_LocalRotation: {x: -0, y: -0, z: -0, w: 1}
  m_LocalPosition: {x: 17.89, y: 0, z: 16.57}
  m_LocalScale: {x: 24.228996, y: 1, z: 26.7117}
  m_Children: []
  m_Father: {fileID: 1012508382}
  m_RootOrder: 0
  m_LocalEulerAnglesHint: {x: 0, y: 0, z: 0}
--- !u!65 &662522368
BoxCollider:
  m_ObjectHideFlags: 0
  m_CorrespondingSourceObject: {fileID: 0}
  m_PrefabInstance: {fileID: 0}
  m_PrefabAsset: {fileID: 0}
  m_GameObject: {fileID: 662522366}
  m_Material: {fileID: 0}
  m_IsTrigger: 0
  m_Enabled: 1
  serializedVersion: 2
  m_Size: {x: 1, y: 1, z: 1}
  m_Center: {x: 0, y: 0, z: 0}
--- !u!23 &662522369
MeshRenderer:
  m_ObjectHideFlags: 0
  m_CorrespondingSourceObject: {fileID: 0}
  m_PrefabInstance: {fileID: 0}
  m_PrefabAsset: {fileID: 0}
  m_GameObject: {fileID: 662522366}
  m_Enabled: 1
  m_CastShadows: 1
  m_ReceiveShadows: 1
  m_DynamicOccludee: 1
  m_MotionVectors: 1
  m_LightProbeUsage: 1
  m_ReflectionProbeUsage: 1
  m_RenderingLayerMask: 1
  m_RendererPriority: 0
  m_Materials:
  - {fileID: 2100000, guid: d56361076e32b1f4abbff2731302a115, type: 2}
  m_StaticBatchInfo:
    firstSubMesh: 0
    subMeshCount: 0
  m_StaticBatchRoot: {fileID: 0}
  m_ProbeAnchor: {fileID: 0}
  m_LightProbeVolumeOverride: {fileID: 0}
  m_ScaleInLightmap: 1
  m_ReceiveGI: 1
  m_PreserveUVs: 0
  m_IgnoreNormalsForChartDetection: 0
  m_ImportantGI: 0
  m_StitchLightmapSeams: 1
  m_SelectedEditorRenderState: 3
  m_MinimumChartSize: 4
  m_AutoUVMaxDistance: 0.5
  m_AutoUVMaxAngle: 89
  m_LightmapParameters: {fileID: 0}
  m_SortingLayerID: 0
  m_SortingLayer: 0
  m_SortingOrder: 0
--- !u!33 &662522370
MeshFilter:
  m_ObjectHideFlags: 0
  m_CorrespondingSourceObject: {fileID: 0}
  m_PrefabInstance: {fileID: 0}
  m_PrefabAsset: {fileID: 0}
  m_GameObject: {fileID: 662522366}
  m_Mesh: {fileID: 10202, guid: 0000000000000000e000000000000000, type: 0}
--- !u!114 &662522371
MonoBehaviour:
  m_ObjectHideFlags: 0
  m_CorrespondingSourceObject: {fileID: 0}
  m_PrefabInstance: {fileID: 0}
  m_PrefabAsset: {fileID: 0}
  m_GameObject: {fileID: 662522366}
  m_Enabled: 1
  m_EditorHideFlags: 0
  m_Script: {fileID: 11500000, guid: 1e3fdca004f2d45fe8abbed571a8abd5, type: 3}
  m_Name: 
  m_EditorClassIdentifier: 
  m_OverrideArea: 1
  m_Area: 1
  m_IgnoreFromBuild: 0
  m_AffectedAgents: ffffffff
--- !u!1 &705507993
GameObject:
  m_ObjectHideFlags: 0
  m_CorrespondingSourceObject: {fileID: 0}
  m_PrefabInstance: {fileID: 0}
  m_PrefabAsset: {fileID: 0}
  serializedVersion: 6
  m_Component:
  - component: {fileID: 705507995}
  - component: {fileID: 705507994}
  m_Layer: 0
  m_Name: Directional Light
  m_TagString: Untagged
  m_Icon: {fileID: 0}
  m_NavMeshLayer: 0
  m_StaticEditorFlags: 0
  m_IsActive: 1
--- !u!108 &705507994
Light:
  m_ObjectHideFlags: 0
  m_CorrespondingSourceObject: {fileID: 0}
  m_PrefabInstance: {fileID: 0}
  m_PrefabAsset: {fileID: 0}
  m_GameObject: {fileID: 705507993}
  m_Enabled: 1
  serializedVersion: 9
  m_Type: 1
  m_Color: {r: 1, g: 0.95686275, b: 0.8392157, a: 1}
  m_Intensity: 1
  m_Range: 10
  m_SpotAngle: 30
  m_InnerSpotAngle: 21.80208
  m_CookieSize: 10
  m_Shadows:
    m_Type: 2
    m_Resolution: -1
    m_CustomResolution: -1
    m_Strength: 1
    m_Bias: 0.05
    m_NormalBias: 0.4
    m_NearPlane: 0.2
    m_CullingMatrixOverride:
      e00: 1
      e01: 0
      e02: 0
      e03: 0
      e10: 0
      e11: 1
      e12: 0
      e13: 0
      e20: 0
      e21: 0
      e22: 1
      e23: 0
      e30: 0
      e31: 0
      e32: 0
      e33: 1
    m_UseCullingMatrixOverride: 0
  m_Cookie: {fileID: 0}
  m_DrawHalo: 0
  m_Flare: {fileID: 0}
  m_RenderMode: 0
  m_CullingMask:
    serializedVersion: 2
    m_Bits: 4294967295
  m_RenderingLayerMask: 1
  m_Lightmapping: 1
  m_LightShadowCasterMode: 0
  m_AreaSize: {x: 1, y: 1}
  m_BounceIntensity: 1
  m_ColorTemperature: 6570
  m_UseColorTemperature: 0
  m_BoundingSphereOverride: {x: 0, y: 0, z: 0, w: 0}
  m_UseBoundingSphereOverride: 0
  m_ShadowRadius: 0
  m_ShadowAngle: 0
--- !u!4 &705507995
Transform:
  m_ObjectHideFlags: 0
  m_CorrespondingSourceObject: {fileID: 0}
  m_PrefabInstance: {fileID: 0}
  m_PrefabAsset: {fileID: 0}
  m_GameObject: {fileID: 705507993}
  m_LocalRotation: {x: 0.40821788, y: -0.23456968, z: 0.10938163, w: 0.8754261}
  m_LocalPosition: {x: 9.36, y: 16.13, z: -7.57}
  m_LocalScale: {x: 1, y: 1, z: 1}
  m_Children: []
  m_Father: {fileID: 0}
  m_RootOrder: 1
  m_LocalEulerAnglesHint: {x: 50, y: -30, z: 0}
--- !u!4 &793031448 stripped
Transform:
  m_CorrespondingSourceObject: {fileID: 5486300082172557429, guid: 0b0ea05872b613d44935d6c21d649d1a,
    type: 3}
  m_PrefabInstance: {fileID: 1544925725}
  m_PrefabAsset: {fileID: 0}
--- !u!4 &806036255 stripped
Transform:
  m_CorrespondingSourceObject: {fileID: 5486300082172557429, guid: 0b0ea05872b613d44935d6c21d649d1a,
    type: 3}
  m_PrefabInstance: {fileID: 830903942}
  m_PrefabAsset: {fileID: 0}
--- !u!1001 &830903942
PrefabInstance:
  m_ObjectHideFlags: 0
  serializedVersion: 2
  m_Modification:
    m_TransformParent: {fileID: 1267051458}
    m_Modifications:
    - target: {fileID: 8824830972764719718, guid: 0b0ea05872b613d44935d6c21d649d1a,
        type: 3}
      propertyPath: m_Name
      value: tower_base (2)
      objectReference: {fileID: 0}
    - target: {fileID: 5486300082172557429, guid: 0b0ea05872b613d44935d6c21d649d1a,
        type: 3}
      propertyPath: m_LocalPosition.x
      value: 10.16906
      objectReference: {fileID: 0}
    - target: {fileID: 5486300082172557429, guid: 0b0ea05872b613d44935d6c21d649d1a,
        type: 3}
      propertyPath: m_LocalPosition.y
      value: -14.416487
      objectReference: {fileID: 0}
    - target: {fileID: 5486300082172557429, guid: 0b0ea05872b613d44935d6c21d649d1a,
        type: 3}
      propertyPath: m_LocalPosition.z
      value: 17.434052
      objectReference: {fileID: 0}
    - target: {fileID: 5486300082172557429, guid: 0b0ea05872b613d44935d6c21d649d1a,
        type: 3}
      propertyPath: m_LocalRotation.x
      value: -0
      objectReference: {fileID: 0}
    - target: {fileID: 5486300082172557429, guid: 0b0ea05872b613d44935d6c21d649d1a,
        type: 3}
      propertyPath: m_LocalRotation.y
      value: -0
      objectReference: {fileID: 0}
    - target: {fileID: 5486300082172557429, guid: 0b0ea05872b613d44935d6c21d649d1a,
        type: 3}
      propertyPath: m_LocalRotation.z
      value: -0
      objectReference: {fileID: 0}
    - target: {fileID: 5486300082172557429, guid: 0b0ea05872b613d44935d6c21d649d1a,
        type: 3}
      propertyPath: m_LocalRotation.w
      value: 1
      objectReference: {fileID: 0}
    - target: {fileID: 5486300082172557429, guid: 0b0ea05872b613d44935d6c21d649d1a,
        type: 3}
      propertyPath: m_RootOrder
      value: 0
      objectReference: {fileID: 0}
    - target: {fileID: 5486300082172557429, guid: 0b0ea05872b613d44935d6c21d649d1a,
        type: 3}
      propertyPath: m_LocalEulerAnglesHint.x
      value: 0
      objectReference: {fileID: 0}
    - target: {fileID: 5486300082172557429, guid: 0b0ea05872b613d44935d6c21d649d1a,
        type: 3}
      propertyPath: m_LocalEulerAnglesHint.y
      value: 0
      objectReference: {fileID: 0}
    - target: {fileID: 5486300082172557429, guid: 0b0ea05872b613d44935d6c21d649d1a,
        type: 3}
      propertyPath: m_LocalEulerAnglesHint.z
      value: 0
      objectReference: {fileID: 0}
    m_RemovedComponents: []
  m_SourcePrefab: {fileID: 100100000, guid: 0b0ea05872b613d44935d6c21d649d1a, type: 3}
--- !u!1 &839578511
GameObject:
  m_ObjectHideFlags: 0
  m_CorrespondingSourceObject: {fileID: 0}
  m_PrefabInstance: {fileID: 0}
  m_PrefabAsset: {fileID: 0}
  serializedVersion: 6
  m_Component:
  - component: {fileID: 839578512}
  - component: {fileID: 839578515}
  - component: {fileID: 839578514}
  - component: {fileID: 839578513}
  - component: {fileID: 839578516}
  m_Layer: 0
  m_Name: Cube
  m_TagString: Untagged
  m_Icon: {fileID: 0}
  m_NavMeshLayer: 1
  m_StaticEditorFlags: 8
  m_IsActive: 1
--- !u!4 &839578512
Transform:
  m_ObjectHideFlags: 0
  m_CorrespondingSourceObject: {fileID: 0}
  m_PrefabInstance: {fileID: 0}
  m_PrefabAsset: {fileID: 0}
  m_GameObject: {fileID: 839578511}
  m_LocalRotation: {x: -0, y: -0, z: -0, w: 1}
  m_LocalPosition: {x: 0, y: 0, z: -18.65}
  m_LocalScale: {x: 60.103867, y: 1, z: 31.019}
  m_Children: []
  m_Father: {fileID: 1012508382}
  m_RootOrder: 2
  m_LocalEulerAnglesHint: {x: 0, y: 0, z: 0}
--- !u!65 &839578513
BoxCollider:
  m_ObjectHideFlags: 0
  m_CorrespondingSourceObject: {fileID: 0}
  m_PrefabInstance: {fileID: 0}
  m_PrefabAsset: {fileID: 0}
  m_GameObject: {fileID: 839578511}
  m_Material: {fileID: 0}
  m_IsTrigger: 0
  m_Enabled: 1
  serializedVersion: 2
  m_Size: {x: 1, y: 1, z: 1}
  m_Center: {x: 0, y: 0, z: 0}
--- !u!23 &839578514
MeshRenderer:
  m_ObjectHideFlags: 0
  m_CorrespondingSourceObject: {fileID: 0}
  m_PrefabInstance: {fileID: 0}
  m_PrefabAsset: {fileID: 0}
  m_GameObject: {fileID: 839578511}
  m_Enabled: 1
  m_CastShadows: 1
  m_ReceiveShadows: 1
  m_DynamicOccludee: 1
  m_MotionVectors: 1
  m_LightProbeUsage: 1
  m_ReflectionProbeUsage: 1
  m_RenderingLayerMask: 1
  m_RendererPriority: 0
  m_Materials:
  - {fileID: 2100000, guid: d56361076e32b1f4abbff2731302a115, type: 2}
  m_StaticBatchInfo:
    firstSubMesh: 0
    subMeshCount: 0
  m_StaticBatchRoot: {fileID: 0}
  m_ProbeAnchor: {fileID: 0}
  m_LightProbeVolumeOverride: {fileID: 0}
  m_ScaleInLightmap: 1
  m_ReceiveGI: 1
  m_PreserveUVs: 0
  m_IgnoreNormalsForChartDetection: 0
  m_ImportantGI: 0
  m_StitchLightmapSeams: 1
  m_SelectedEditorRenderState: 3
  m_MinimumChartSize: 4
  m_AutoUVMaxDistance: 0.5
  m_AutoUVMaxAngle: 89
  m_LightmapParameters: {fileID: 0}
  m_SortingLayerID: 0
  m_SortingLayer: 0
  m_SortingOrder: 0
--- !u!33 &839578515
MeshFilter:
  m_ObjectHideFlags: 0
  m_CorrespondingSourceObject: {fileID: 0}
  m_PrefabInstance: {fileID: 0}
  m_PrefabAsset: {fileID: 0}
  m_GameObject: {fileID: 839578511}
  m_Mesh: {fileID: 10202, guid: 0000000000000000e000000000000000, type: 0}
--- !u!114 &839578516
MonoBehaviour:
  m_ObjectHideFlags: 0
  m_CorrespondingSourceObject: {fileID: 0}
  m_PrefabInstance: {fileID: 0}
  m_PrefabAsset: {fileID: 0}
  m_GameObject: {fileID: 839578511}
  m_Enabled: 1
  m_EditorHideFlags: 0
  m_Script: {fileID: 11500000, guid: 1e3fdca004f2d45fe8abbed571a8abd5, type: 3}
  m_Name: 
  m_EditorClassIdentifier: 
  m_OverrideArea: 1
  m_Area: 1
  m_IgnoreFromBuild: 0
  m_AffectedAgents: ffffffff
--- !u!1 &896763491
GameObject:
  m_ObjectHideFlags: 0
  m_CorrespondingSourceObject: {fileID: 0}
  m_PrefabInstance: {fileID: 0}
  m_PrefabAsset: {fileID: 0}
  serializedVersion: 6
  m_Component:
  - component: {fileID: 896763492}
  - component: {fileID: 896763494}
  - component: {fileID: 896763493}
  m_Layer: 5
  m_Name: Panel
  m_TagString: Untagged
  m_Icon: {fileID: 0}
  m_NavMeshLayer: 0
  m_StaticEditorFlags: 0
  m_IsActive: 1
--- !u!224 &896763492
RectTransform:
  m_ObjectHideFlags: 0
  m_CorrespondingSourceObject: {fileID: 0}
  m_PrefabInstance: {fileID: 0}
  m_PrefabAsset: {fileID: 0}
  m_GameObject: {fileID: 896763491}
  m_LocalRotation: {x: 0, y: 0, z: 0, w: 1}
  m_LocalPosition: {x: 0, y: 0, z: 0}
  m_LocalScale: {x: 1, y: 1, z: 1}
  m_Children:
  - {fileID: 908223744}
  m_Father: {fileID: 1263399421}
  m_RootOrder: 0
  m_LocalEulerAnglesHint: {x: 0, y: 0, z: 0}
  m_AnchorMin: {x: 1, y: 0}
  m_AnchorMax: {x: 1, y: 0}
  m_AnchoredPosition: {x: -103.45, y: 13.005}
  m_SizeDelta: {x: 206.89, y: 26}
  m_Pivot: {x: 0.5, y: 0.5}
--- !u!114 &896763493
MonoBehaviour:
  m_ObjectHideFlags: 0
  m_CorrespondingSourceObject: {fileID: 0}
  m_PrefabInstance: {fileID: 0}
  m_PrefabAsset: {fileID: 0}
  m_GameObject: {fileID: 896763491}
  m_Enabled: 1
  m_EditorHideFlags: 0
  m_Script: {fileID: 11500000, guid: fe87c0e1cc204ed48ad3b37840f39efc, type: 3}
  m_Name: 
  m_EditorClassIdentifier: 
  m_Material: {fileID: 0}
  m_Color: {r: 0.8396226, g: 0.81189924, b: 0.81189924, a: 1}
  m_RaycastTarget: 1
  m_OnCullStateChanged:
    m_PersistentCalls:
      m_Calls: []
  m_Sprite: {fileID: 21300000, guid: ed3b4c75a68320349a9f4481bab4876c, type: 3}
  m_Type: 1
  m_PreserveAspect: 0
  m_FillCenter: 1
  m_FillMethod: 4
  m_FillAmount: 1
  m_FillClockwise: 1
  m_FillOrigin: 0
  m_UseSpriteMesh: 0
  m_PixelsPerUnitMultiplier: 1
--- !u!222 &896763494
CanvasRenderer:
  m_ObjectHideFlags: 0
  m_CorrespondingSourceObject: {fileID: 0}
  m_PrefabInstance: {fileID: 0}
  m_PrefabAsset: {fileID: 0}
  m_GameObject: {fileID: 896763491}
  m_CullTransparentMesh: 0
--- !u!1 &908223743
GameObject:
  m_ObjectHideFlags: 0
  m_CorrespondingSourceObject: {fileID: 0}
  m_PrefabInstance: {fileID: 0}
  m_PrefabAsset: {fileID: 0}
  serializedVersion: 6
  m_Component:
  - component: {fileID: 908223744}
  - component: {fileID: 908223746}
  - component: {fileID: 908223745}
  m_Layer: 5
  m_Name: TowerSlot
  m_TagString: Untagged
  m_Icon: {fileID: 0}
  m_NavMeshLayer: 0
  m_StaticEditorFlags: 0
  m_IsActive: 1
--- !u!224 &908223744
RectTransform:
  m_ObjectHideFlags: 0
  m_CorrespondingSourceObject: {fileID: 0}
  m_PrefabInstance: {fileID: 0}
  m_PrefabAsset: {fileID: 0}
  m_GameObject: {fileID: 908223743}
  m_LocalRotation: {x: 0, y: 0, z: 0, w: 1}
  m_LocalPosition: {x: 0, y: 0, z: 0}
  m_LocalScale: {x: 1, y: 1, z: 1}
  m_Children: []
  m_Father: {fileID: 896763492}
  m_RootOrder: 0
  m_LocalEulerAnglesHint: {x: 0, y: 0, z: 0}
  m_AnchorMin: {x: 0, y: 1}
  m_AnchorMax: {x: 0, y: 1}
  m_AnchoredPosition: {x: 13.41, y: -13.005}
  m_SizeDelta: {x: 15.25, y: 14.87}
  m_Pivot: {x: 0.5, y: 0.5}
--- !u!114 &908223745
MonoBehaviour:
  m_ObjectHideFlags: 0
  m_CorrespondingSourceObject: {fileID: 0}
  m_PrefabInstance: {fileID: 0}
  m_PrefabAsset: {fileID: 0}
  m_GameObject: {fileID: 908223743}
  m_Enabled: 1
  m_EditorHideFlags: 0
  m_Script: {fileID: 11500000, guid: fe87c0e1cc204ed48ad3b37840f39efc, type: 3}
  m_Name: 
  m_EditorClassIdentifier: 
  m_Material: {fileID: 0}
  m_Color: {r: 0.7607844, g: 0.7607844, b: 0.7607844, a: 1}
  m_RaycastTarget: 1
  m_OnCullStateChanged:
    m_PersistentCalls:
      m_Calls: []
  m_Sprite: {fileID: 21300000, guid: 32f25fd44c295474483ad5f89d5863fb, type: 3}
  m_Type: 1
  m_PreserveAspect: 0
  m_FillCenter: 1
  m_FillMethod: 4
  m_FillAmount: 1
  m_FillClockwise: 1
  m_FillOrigin: 0
  m_UseSpriteMesh: 0
  m_PixelsPerUnitMultiplier: 1
--- !u!222 &908223746
CanvasRenderer:
  m_ObjectHideFlags: 0
  m_CorrespondingSourceObject: {fileID: 0}
  m_PrefabInstance: {fileID: 0}
  m_PrefabAsset: {fileID: 0}
  m_GameObject: {fileID: 908223743}
  m_CullTransparentMesh: 0
--- !u!4 &918162026 stripped
Transform:
  m_CorrespondingSourceObject: {fileID: 7468524830197842085, guid: 94be0c0f853b9fb4b8d0f68b6d721d2c,
    type: 3}
  m_PrefabInstance: {fileID: 7468524830440721103}
  m_PrefabAsset: {fileID: 0}
--- !u!1 &1005895432
GameObject:
  m_ObjectHideFlags: 0
  m_CorrespondingSourceObject: {fileID: 0}
  m_PrefabInstance: {fileID: 0}
  m_PrefabAsset: {fileID: 0}
  serializedVersion: 6
  m_Component:
  - component: {fileID: 1005895433}
  - component: {fileID: 1005895436}
  - component: {fileID: 1005895435}
  - component: {fileID: 1005895434}
  m_Layer: 5
  m_Name: Canvas
  m_TagString: Untagged
  m_Icon: {fileID: 0}
  m_NavMeshLayer: 0
  m_StaticEditorFlags: 0
  m_IsActive: 1
--- !u!224 &1005895433
RectTransform:
  m_ObjectHideFlags: 0
  m_CorrespondingSourceObject: {fileID: 0}
  m_PrefabInstance: {fileID: 0}
  m_PrefabAsset: {fileID: 0}
  m_GameObject: {fileID: 1005895432}
  m_LocalRotation: {x: 0, y: 0, z: 0, w: 1}
  m_LocalPosition: {x: 0, y: 0, z: 0}
  m_LocalScale: {x: 0, y: 0, z: 0}
  m_Children:
  - {fileID: 1263399421}
  - {fileID: 18980930}
  m_Father: {fileID: 1552373691}
  m_RootOrder: 0
  m_LocalEulerAnglesHint: {x: 0, y: 0, z: 0}
  m_AnchorMin: {x: 0, y: 0}
  m_AnchorMax: {x: 0, y: 0}
  m_AnchoredPosition: {x: 0, y: 0}
  m_SizeDelta: {x: 0, y: 0}
  m_Pivot: {x: 0, y: 0}
--- !u!114 &1005895434
MonoBehaviour:
  m_ObjectHideFlags: 0
  m_CorrespondingSourceObject: {fileID: 0}
  m_PrefabInstance: {fileID: 0}
  m_PrefabAsset: {fileID: 0}
  m_GameObject: {fileID: 1005895432}
  m_Enabled: 1
  m_EditorHideFlags: 0
  m_Script: {fileID: 11500000, guid: dc42784cf147c0c48a680349fa168899, type: 3}
  m_Name: 
  m_EditorClassIdentifier: 
  m_IgnoreReversedGraphics: 1
  m_BlockingObjects: 0
  m_BlockingMask:
    serializedVersion: 2
    m_Bits: 4294967295
--- !u!114 &1005895435
MonoBehaviour:
  m_ObjectHideFlags: 0
  m_CorrespondingSourceObject: {fileID: 0}
  m_PrefabInstance: {fileID: 0}
  m_PrefabAsset: {fileID: 0}
  m_GameObject: {fileID: 1005895432}
  m_Enabled: 1
  m_EditorHideFlags: 0
  m_Script: {fileID: 11500000, guid: 0cd44c1031e13a943bb63640046fad76, type: 3}
  m_Name: 
  m_EditorClassIdentifier: 
  m_UiScaleMode: 1
  m_ReferencePixelsPerUnit: 100
  m_ScaleFactor: 1
  m_ReferenceResolution: {x: 800, y: 600}
  m_ScreenMatchMode: 0
  m_MatchWidthOrHeight: 0
  m_PhysicalUnit: 3
  m_FallbackScreenDPI: 96
  m_DefaultSpriteDPI: 96
  m_DynamicPixelsPerUnit: 1
--- !u!223 &1005895436
Canvas:
  m_ObjectHideFlags: 0
  m_CorrespondingSourceObject: {fileID: 0}
  m_PrefabInstance: {fileID: 0}
  m_PrefabAsset: {fileID: 0}
  m_GameObject: {fileID: 1005895432}
  m_Enabled: 1
  serializedVersion: 3
  m_RenderMode: 0
  m_Camera: {fileID: 0}
  m_PlaneDistance: 100
  m_PixelPerfect: 0
  m_ReceivesEvents: 1
  m_OverrideSorting: 0
  m_OverridePixelPerfect: 0
  m_SortingBucketNormalizedSize: 0
  m_AdditionalShaderChannelsFlag: 0
  m_SortingLayerID: 0
  m_SortingOrder: 0
  m_TargetDisplay: 0
--- !u!1 &1012508381
GameObject:
  m_ObjectHideFlags: 0
  m_CorrespondingSourceObject: {fileID: 0}
  m_PrefabInstance: {fileID: 0}
  m_PrefabAsset: {fileID: 0}
  serializedVersion: 6
  m_Component:
  - component: {fileID: 1012508382}
  m_Layer: 0
  m_Name: DeadZone
  m_TagString: Untagged
  m_Icon: {fileID: 0}
  m_NavMeshLayer: 0
  m_StaticEditorFlags: 0
  m_IsActive: 1
--- !u!4 &1012508382
Transform:
  m_ObjectHideFlags: 0
  m_CorrespondingSourceObject: {fileID: 0}
  m_PrefabInstance: {fileID: 0}
  m_PrefabAsset: {fileID: 0}
  m_GameObject: {fileID: 1012508381}
  m_LocalRotation: {x: -0, y: -0, z: -0, w: 1}
  m_LocalPosition: {x: 0, y: 0, z: 0}
  m_LocalScale: {x: 1, y: 1, z: 1}
  m_Children:
  - {fileID: 662522367}
  - {fileID: 1559492894}
  - {fileID: 839578512}
  m_Father: {fileID: 1977292148}
  m_RootOrder: 2
  m_LocalEulerAnglesHint: {x: 0, y: 0, z: 0}
--- !u!1001 &1142943196
PrefabInstance:
  m_ObjectHideFlags: 0
  serializedVersion: 2
  m_Modification:
    m_TransformParent: {fileID: 1869495214}
    m_Modifications:
    - target: {fileID: -927199367670048503, guid: b8cccfae03e85a64487dba42986dcfe0,
        type: 3}
      propertyPath: m_Name
      value: Trees
      objectReference: {fileID: 0}
    - target: {fileID: -4216859302048453862, guid: b8cccfae03e85a64487dba42986dcfe0,
        type: 3}
      propertyPath: m_LocalPosition.x
      value: -0.667
      objectReference: {fileID: 0}
    - target: {fileID: -4216859302048453862, guid: b8cccfae03e85a64487dba42986dcfe0,
        type: 3}
      propertyPath: m_LocalPosition.y
      value: 3.906
      objectReference: {fileID: 0}
    - target: {fileID: -4216859302048453862, guid: b8cccfae03e85a64487dba42986dcfe0,
        type: 3}
      propertyPath: m_LocalPosition.z
      value: 11.094
      objectReference: {fileID: 0}
    - target: {fileID: -4216859302048453862, guid: b8cccfae03e85a64487dba42986dcfe0,
        type: 3}
      propertyPath: m_LocalRotation.x
      value: -0.5000002
      objectReference: {fileID: 0}
    - target: {fileID: -4216859302048453862, guid: b8cccfae03e85a64487dba42986dcfe0,
        type: 3}
      propertyPath: m_LocalRotation.y
      value: 0.5000002
      objectReference: {fileID: 0}
    - target: {fileID: -4216859302048453862, guid: b8cccfae03e85a64487dba42986dcfe0,
        type: 3}
      propertyPath: m_LocalRotation.z
      value: -0.4999998
      objectReference: {fileID: 0}
    - target: {fileID: -4216859302048453862, guid: b8cccfae03e85a64487dba42986dcfe0,
        type: 3}
      propertyPath: m_LocalRotation.w
      value: 0.4999999
      objectReference: {fileID: 0}
    - target: {fileID: -4216859302048453862, guid: b8cccfae03e85a64487dba42986dcfe0,
        type: 3}
      propertyPath: m_RootOrder
      value: 0
      objectReference: {fileID: 0}
    - target: {fileID: -4216859302048453862, guid: b8cccfae03e85a64487dba42986dcfe0,
        type: 3}
      propertyPath: m_LocalEulerAnglesHint.x
      value: 0
      objectReference: {fileID: 0}
    - target: {fileID: -4216859302048453862, guid: b8cccfae03e85a64487dba42986dcfe0,
        type: 3}
      propertyPath: m_LocalEulerAnglesHint.y
      value: 90.00001
      objectReference: {fileID: 0}
    - target: {fileID: -4216859302048453862, guid: b8cccfae03e85a64487dba42986dcfe0,
        type: 3}
      propertyPath: m_LocalEulerAnglesHint.z
      value: -90.00001
      objectReference: {fileID: 0}
    - target: {fileID: -6166381988907012391, guid: b8cccfae03e85a64487dba42986dcfe0,
        type: 3}
      propertyPath: m_LocalPosition.x
      value: 3.393
      objectReference: {fileID: 0}
    - target: {fileID: -6166381988907012391, guid: b8cccfae03e85a64487dba42986dcfe0,
        type: 3}
      propertyPath: m_LocalPosition.y
      value: 5.624
      objectReference: {fileID: 0}
    - target: {fileID: -6166381988907012391, guid: b8cccfae03e85a64487dba42986dcfe0,
        type: 3}
      propertyPath: m_LocalPosition.z
      value: 12.867
      objectReference: {fileID: 0}
    - target: {fileID: -3151554163418203837, guid: b8cccfae03e85a64487dba42986dcfe0,
        type: 3}
      propertyPath: m_LocalPosition.x
      value: 3.406
      objectReference: {fileID: 0}
    - target: {fileID: -3151554163418203837, guid: b8cccfae03e85a64487dba42986dcfe0,
        type: 3}
      propertyPath: m_LocalPosition.y
      value: 16.59
      objectReference: {fileID: 0}
    - target: {fileID: -3151554163418203837, guid: b8cccfae03e85a64487dba42986dcfe0,
        type: 3}
      propertyPath: m_LocalPosition.z
      value: 11.96
      objectReference: {fileID: 0}
    - target: {fileID: -3151554163418203837, guid: b8cccfae03e85a64487dba42986dcfe0,
        type: 3}
      propertyPath: m_LocalScale.x
      value: 170
      objectReference: {fileID: 0}
    - target: {fileID: -3151554163418203837, guid: b8cccfae03e85a64487dba42986dcfe0,
        type: 3}
      propertyPath: m_LocalScale.y
      value: 170
      objectReference: {fileID: 0}
    - target: {fileID: -3151554163418203837, guid: b8cccfae03e85a64487dba42986dcfe0,
        type: 3}
      propertyPath: m_LocalScale.z
      value: 170
      objectReference: {fileID: 0}
    - target: {fileID: 2498326036907817780, guid: b8cccfae03e85a64487dba42986dcfe0,
        type: 3}
      propertyPath: m_LocalPosition.x
      value: 3.396
      objectReference: {fileID: 0}
    - target: {fileID: 2498326036907817780, guid: b8cccfae03e85a64487dba42986dcfe0,
        type: 3}
      propertyPath: m_LocalPosition.y
      value: 5.715
      objectReference: {fileID: 0}
    - target: {fileID: 2498326036907817780, guid: b8cccfae03e85a64487dba42986dcfe0,
        type: 3}
      propertyPath: m_LocalPosition.z
      value: -6.584
      objectReference: {fileID: 0}
    - target: {fileID: 5509717626991923963, guid: b8cccfae03e85a64487dba42986dcfe0,
        type: 3}
      propertyPath: m_LocalPosition.x
      value: 3.395
      objectReference: {fileID: 0}
    - target: {fileID: 5509717626991923963, guid: b8cccfae03e85a64487dba42986dcfe0,
        type: 3}
      propertyPath: m_LocalPosition.y
      value: -0.441
      objectReference: {fileID: 0}
    - target: {fileID: 5509717626991923963, guid: b8cccfae03e85a64487dba42986dcfe0,
        type: 3}
      propertyPath: m_LocalPosition.z
      value: 7.437
      objectReference: {fileID: 0}
    m_RemovedComponents: []
  m_SourcePrefab: {fileID: 100100000, guid: b8cccfae03e85a64487dba42986dcfe0, type: 3}
--- !u!1 &1263399420
GameObject:
  m_ObjectHideFlags: 0
  m_CorrespondingSourceObject: {fileID: 0}
  m_PrefabInstance: {fileID: 0}
  m_PrefabAsset: {fileID: 0}
  serializedVersion: 6
  m_Component:
  - component: {fileID: 1263399421}
  - component: {fileID: 1263399422}
  - component: {fileID: 1263399423}
  m_Layer: 5
  m_Name: TowersInventory
  m_TagString: Untagged
  m_Icon: {fileID: 0}
  m_NavMeshLayer: 0
  m_StaticEditorFlags: 0
  m_IsActive: 1
--- !u!224 &1263399421
RectTransform:
  m_ObjectHideFlags: 0
  m_CorrespondingSourceObject: {fileID: 0}
  m_PrefabInstance: {fileID: 0}
  m_PrefabAsset: {fileID: 0}
  m_GameObject: {fileID: 1263399420}
  m_LocalRotation: {x: 0, y: 0, z: 0, w: 1}
  m_LocalPosition: {x: 0, y: 0, z: 0}
  m_LocalScale: {x: 1, y: 1, z: 1}
  m_Children:
  - {fileID: 896763492}
  m_Father: {fileID: 1005895433}
  m_RootOrder: 0
  m_LocalEulerAnglesHint: {x: 0, y: 0, z: 0}
  m_AnchorMin: {x: 1, y: 0}
  m_AnchorMax: {x: 1, y: 0}
  m_AnchoredPosition: {x: -128.8, y: 26.900024}
  m_SizeDelta: {x: 206.89, y: 26.01}
  m_Pivot: {x: 0.5, y: 0.5}
--- !u!222 &1263399422
CanvasRenderer:
  m_ObjectHideFlags: 0
  m_CorrespondingSourceObject: {fileID: 0}
  m_PrefabInstance: {fileID: 0}
  m_PrefabAsset: {fileID: 0}
  m_GameObject: {fileID: 1263399420}
  m_CullTransparentMesh: 0
--- !u!114 &1263399423
MonoBehaviour:
  m_ObjectHideFlags: 0
  m_CorrespondingSourceObject: {fileID: 0}
  m_PrefabInstance: {fileID: 0}
  m_PrefabAsset: {fileID: 0}
  m_GameObject: {fileID: 1263399420}
  m_Enabled: 1
  m_EditorHideFlags: 0
  m_Script: {fileID: 11500000, guid: 7854dcb891966bd4087e759a678d9ae8, type: 3}
  m_Name: 
  m_EditorClassIdentifier: 
  towerMenuActive: 0
--- !u!1 &1267051457
GameObject:
  m_ObjectHideFlags: 0
  m_CorrespondingSourceObject: {fileID: 0}
  m_PrefabInstance: {fileID: 0}
  m_PrefabAsset: {fileID: 0}
  serializedVersion: 6
  m_Component:
  - component: {fileID: 1267051458}
  m_Layer: 0
  m_Name: TowerSpot
  m_TagString: Untagged
  m_Icon: {fileID: 0}
  m_NavMeshLayer: 0
  m_StaticEditorFlags: 0
  m_IsActive: 1
--- !u!4 &1267051458
Transform:
  m_ObjectHideFlags: 0
  m_CorrespondingSourceObject: {fileID: 0}
  m_PrefabInstance: {fileID: 0}
  m_PrefabAsset: {fileID: 0}
  m_GameObject: {fileID: 1267051457}
  m_LocalRotation: {x: -0, y: -0, z: -0, w: 1}
  m_LocalPosition: {x: -2.8010597, y: 15.916487, z: -9.694053}
  m_LocalScale: {x: 1, y: 1, z: 1}
  m_Children:
  - {fileID: 806036255}
  - {fileID: 793031448}
  - {fileID: 201495526}
  - {fileID: 8223598920743176513}
  m_Father: {fileID: 1977292148}
  m_RootOrder: 4
  m_LocalEulerAnglesHint: {x: 0, y: 0, z: 0}
--- !u!1001 &1322134013
PrefabInstance:
  m_ObjectHideFlags: 0
  serializedVersion: 2
  m_Modification:
    m_TransformParent: {fileID: 1267051458}
    m_Modifications:
    - target: {fileID: 8824830972764719718, guid: 0b0ea05872b613d44935d6c21d649d1a,
        type: 3}
      propertyPath: m_Name
      value: tower_base (1)
      objectReference: {fileID: 0}
    - target: {fileID: 5486300082172557429, guid: 0b0ea05872b613d44935d6c21d649d1a,
        type: 3}
      propertyPath: m_LocalPosition.x
      value: 10.16906
      objectReference: {fileID: 0}
    - target: {fileID: 5486300082172557429, guid: 0b0ea05872b613d44935d6c21d649d1a,
        type: 3}
      propertyPath: m_LocalPosition.y
      value: -14.426487
      objectReference: {fileID: 0}
    - target: {fileID: 5486300082172557429, guid: 0b0ea05872b613d44935d6c21d649d1a,
        type: 3}
      propertyPath: m_LocalPosition.z
      value: 30.434052
      objectReference: {fileID: 0}
    - target: {fileID: 5486300082172557429, guid: 0b0ea05872b613d44935d6c21d649d1a,
        type: 3}
      propertyPath: m_LocalRotation.x
      value: -0
      objectReference: {fileID: 0}
    - target: {fileID: 5486300082172557429, guid: 0b0ea05872b613d44935d6c21d649d1a,
        type: 3}
      propertyPath: m_LocalRotation.y
      value: -0
      objectReference: {fileID: 0}
    - target: {fileID: 5486300082172557429, guid: 0b0ea05872b613d44935d6c21d649d1a,
        type: 3}
      propertyPath: m_LocalRotation.z
      value: -0
      objectReference: {fileID: 0}
    - target: {fileID: 5486300082172557429, guid: 0b0ea05872b613d44935d6c21d649d1a,
        type: 3}
      propertyPath: m_LocalRotation.w
      value: 1
      objectReference: {fileID: 0}
    - target: {fileID: 5486300082172557429, guid: 0b0ea05872b613d44935d6c21d649d1a,
        type: 3}
      propertyPath: m_RootOrder
      value: 2
      objectReference: {fileID: 0}
    - target: {fileID: 5486300082172557429, guid: 0b0ea05872b613d44935d6c21d649d1a,
        type: 3}
      propertyPath: m_LocalEulerAnglesHint.x
      value: 0
      objectReference: {fileID: 0}
    - target: {fileID: 5486300082172557429, guid: 0b0ea05872b613d44935d6c21d649d1a,
        type: 3}
      propertyPath: m_LocalEulerAnglesHint.y
      value: 0
      objectReference: {fileID: 0}
    - target: {fileID: 5486300082172557429, guid: 0b0ea05872b613d44935d6c21d649d1a,
        type: 3}
      propertyPath: m_LocalEulerAnglesHint.z
      value: 0
      objectReference: {fileID: 0}
    m_RemovedComponents: []
  m_SourcePrefab: {fileID: 100100000, guid: 0b0ea05872b613d44935d6c21d649d1a, type: 3}
--- !u!1001 &1439044902
PrefabInstance:
  m_ObjectHideFlags: 0
  serializedVersion: 2
  m_Modification:
    m_TransformParent: {fileID: 1869495214}
    m_Modifications:
    - target: {fileID: -927199367670048503, guid: dadb099b10412894fa7010ea5ee3cfb7,
        type: 3}
      propertyPath: m_Name
      value: House
      objectReference: {fileID: 0}
    - target: {fileID: -4216859302048453862, guid: dadb099b10412894fa7010ea5ee3cfb7,
        type: 3}
      propertyPath: m_LocalPosition.x
      value: 34.46
      objectReference: {fileID: 0}
    - target: {fileID: -4216859302048453862, guid: dadb099b10412894fa7010ea5ee3cfb7,
        type: 3}
      propertyPath: m_LocalPosition.y
      value: 1.7
      objectReference: {fileID: 0}
    - target: {fileID: -4216859302048453862, guid: dadb099b10412894fa7010ea5ee3cfb7,
        type: 3}
      propertyPath: m_LocalPosition.z
      value: -0.08
      objectReference: {fileID: 0}
    - target: {fileID: -4216859302048453862, guid: dadb099b10412894fa7010ea5ee3cfb7,
        type: 3}
      propertyPath: m_LocalRotation.x
      value: -0.5000008
      objectReference: {fileID: 0}
    - target: {fileID: -4216859302048453862, guid: dadb099b10412894fa7010ea5ee3cfb7,
        type: 3}
      propertyPath: m_LocalRotation.y
      value: -0.49999925
      objectReference: {fileID: 0}
    - target: {fileID: -4216859302048453862, guid: dadb099b10412894fa7010ea5ee3cfb7,
        type: 3}
      propertyPath: m_LocalRotation.z
      value: -0.49999928
      objectReference: {fileID: 0}
    - target: {fileID: -4216859302048453862, guid: dadb099b10412894fa7010ea5ee3cfb7,
        type: 3}
      propertyPath: m_LocalRotation.w
      value: 0.5000007
      objectReference: {fileID: 0}
    - target: {fileID: -4216859302048453862, guid: dadb099b10412894fa7010ea5ee3cfb7,
        type: 3}
      propertyPath: m_RootOrder
      value: 1
      objectReference: {fileID: 0}
    - target: {fileID: -4216859302048453862, guid: dadb099b10412894fa7010ea5ee3cfb7,
        type: 3}
      propertyPath: m_LocalEulerAnglesHint.x
      value: -90.00001
      objectReference: {fileID: 0}
    - target: {fileID: -4216859302048453862, guid: dadb099b10412894fa7010ea5ee3cfb7,
        type: 3}
      propertyPath: m_LocalEulerAnglesHint.y
      value: 0
      objectReference: {fileID: 0}
    - target: {fileID: -4216859302048453862, guid: dadb099b10412894fa7010ea5ee3cfb7,
        type: 3}
      propertyPath: m_LocalEulerAnglesHint.z
      value: -90.00001
      objectReference: {fileID: 0}
    - target: {fileID: -4216859302048453862, guid: dadb099b10412894fa7010ea5ee3cfb7,
        type: 3}
      propertyPath: m_LocalScale.x
      value: 196.29063
      objectReference: {fileID: 0}
    - target: {fileID: -4216859302048453862, guid: dadb099b10412894fa7010ea5ee3cfb7,
        type: 3}
      propertyPath: m_LocalScale.y
      value: 161.73807
      objectReference: {fileID: 0}
    - target: {fileID: -4216859302048453862, guid: dadb099b10412894fa7010ea5ee3cfb7,
        type: 3}
      propertyPath: m_LocalScale.z
      value: 222.4294
      objectReference: {fileID: 0}
    m_RemovedComponents: []
  m_SourcePrefab: {fileID: 100100000, guid: dadb099b10412894fa7010ea5ee3cfb7, type: 3}
--- !u!1 &1528708021
GameObject:
  m_ObjectHideFlags: 0
  m_CorrespondingSourceObject: {fileID: 0}
  m_PrefabInstance: {fileID: 0}
  m_PrefabAsset: {fileID: 0}
  serializedVersion: 6
  m_Component:
  - component: {fileID: 1528708022}
  m_Layer: 0
  m_Name: Spawnpoints|FinishLine
  m_TagString: Untagged
  m_Icon: {fileID: 0}
  m_NavMeshLayer: 0
  m_StaticEditorFlags: 0
  m_IsActive: 1
--- !u!4 &1528708022
Transform:
  m_ObjectHideFlags: 0
  m_CorrespondingSourceObject: {fileID: 0}
  m_PrefabInstance: {fileID: 0}
  m_PrefabAsset: {fileID: 0}
  m_GameObject: {fileID: 1528708021}
  m_LocalRotation: {x: 0, y: 0, z: 0, w: 1}
  m_LocalPosition: {x: 0, y: 0, z: 0}
  m_LocalScale: {x: 1, y: 1, z: 1}
  m_Children:
  - {fileID: 918162026}
  - {fileID: 527832396}
  - {fileID: 1803343343489906076}
  m_Father: {fileID: 1977292148}
  m_RootOrder: 3
  m_LocalEulerAnglesHint: {x: 0, y: 0, z: 0}
--- !u!1001 &1544925725
PrefabInstance:
  m_ObjectHideFlags: 0
  serializedVersion: 2
  m_Modification:
    m_TransformParent: {fileID: 1267051458}
    m_Modifications:
    - target: {fileID: 8824830972764719718, guid: 0b0ea05872b613d44935d6c21d649d1a,
        type: 3}
      propertyPath: m_Name
      value: tower_base (3)
      objectReference: {fileID: 0}
    - target: {fileID: 5486300082172557429, guid: 0b0ea05872b613d44935d6c21d649d1a,
        type: 3}
      propertyPath: m_LocalPosition.x
      value: 0.8010597
      objectReference: {fileID: 0}
    - target: {fileID: 5486300082172557429, guid: 0b0ea05872b613d44935d6c21d649d1a,
        type: 3}
      propertyPath: m_LocalPosition.y
      value: -14.416487
      objectReference: {fileID: 0}
    - target: {fileID: 5486300082172557429, guid: 0b0ea05872b613d44935d6c21d649d1a,
        type: 3}
      propertyPath: m_LocalPosition.z
      value: 17.434052
      objectReference: {fileID: 0}
    - target: {fileID: 5486300082172557429, guid: 0b0ea05872b613d44935d6c21d649d1a,
        type: 3}
      propertyPath: m_LocalRotation.x
      value: -0
      objectReference: {fileID: 0}
    - target: {fileID: 5486300082172557429, guid: 0b0ea05872b613d44935d6c21d649d1a,
        type: 3}
      propertyPath: m_LocalRotation.y
      value: -0
      objectReference: {fileID: 0}
    - target: {fileID: 5486300082172557429, guid: 0b0ea05872b613d44935d6c21d649d1a,
        type: 3}
      propertyPath: m_LocalRotation.z
      value: -0
      objectReference: {fileID: 0}
    - target: {fileID: 5486300082172557429, guid: 0b0ea05872b613d44935d6c21d649d1a,
        type: 3}
      propertyPath: m_LocalRotation.w
      value: 1
      objectReference: {fileID: 0}
    - target: {fileID: 5486300082172557429, guid: 0b0ea05872b613d44935d6c21d649d1a,
        type: 3}
      propertyPath: m_RootOrder
      value: 1
      objectReference: {fileID: 0}
    - target: {fileID: 5486300082172557429, guid: 0b0ea05872b613d44935d6c21d649d1a,
        type: 3}
      propertyPath: m_LocalEulerAnglesHint.x
      value: 0
      objectReference: {fileID: 0}
    - target: {fileID: 5486300082172557429, guid: 0b0ea05872b613d44935d6c21d649d1a,
        type: 3}
      propertyPath: m_LocalEulerAnglesHint.y
      value: 0
      objectReference: {fileID: 0}
    - target: {fileID: 5486300082172557429, guid: 0b0ea05872b613d44935d6c21d649d1a,
        type: 3}
      propertyPath: m_LocalEulerAnglesHint.z
      value: 0
      objectReference: {fileID: 0}
    m_RemovedComponents: []
  m_SourcePrefab: {fileID: 100100000, guid: 0b0ea05872b613d44935d6c21d649d1a, type: 3}
--- !u!1 &1552373690
GameObject:
  m_ObjectHideFlags: 0
  m_CorrespondingSourceObject: {fileID: 0}
  m_PrefabInstance: {fileID: 0}
  m_PrefabAsset: {fileID: 0}
  serializedVersion: 6
  m_Component:
  - component: {fileID: 1552373691}
  m_Layer: 0
  m_Name: UI
  m_TagString: Untagged
  m_Icon: {fileID: 0}
  m_NavMeshLayer: 0
  m_StaticEditorFlags: 0
  m_IsActive: 1
--- !u!4 &1552373691
Transform:
  m_ObjectHideFlags: 0
  m_CorrespondingSourceObject: {fileID: 0}
  m_PrefabInstance: {fileID: 0}
  m_PrefabAsset: {fileID: 0}
  m_GameObject: {fileID: 1552373690}
  m_LocalRotation: {x: 0, y: 0, z: 0, w: 1}
  m_LocalPosition: {x: 0, y: 0, z: 0}
  m_LocalScale: {x: 1, y: 1, z: 1}
  m_Children:
  - {fileID: 1005895433}
  m_Father: {fileID: 0}
  m_RootOrder: 5
  m_LocalEulerAnglesHint: {x: 0, y: 0, z: 0}
--- !u!1 &1559492893
GameObject:
  m_ObjectHideFlags: 0
  m_CorrespondingSourceObject: {fileID: 0}
  m_PrefabInstance: {fileID: 0}
  m_PrefabAsset: {fileID: 0}
  serializedVersion: 6
  m_Component:
  - component: {fileID: 1559492894}
  - component: {fileID: 1559492897}
  - component: {fileID: 1559492896}
  - component: {fileID: 1559492895}
  - component: {fileID: 1559492898}
  m_Layer: 0
  m_Name: Cube (1)
  m_TagString: Untagged
  m_Icon: {fileID: 0}
  m_NavMeshLayer: 1
  m_StaticEditorFlags: 8
  m_IsActive: 1
--- !u!4 &1559492894
Transform:
  m_ObjectHideFlags: 0
  m_CorrespondingSourceObject: {fileID: 0}
  m_PrefabInstance: {fileID: 0}
  m_PrefabAsset: {fileID: 0}
  m_GameObject: {fileID: 1559492893}
  m_LocalRotation: {x: -0, y: -0, z: -0, w: 1}
  m_LocalPosition: {x: -14.89, y: 0, z: 16.57}
  m_LocalScale: {x: 30.185123, y: 1, z: 26.7117}
  m_Children: []
  m_Father: {fileID: 1012508382}
  m_RootOrder: 1
  m_LocalEulerAnglesHint: {x: 0, y: 0, z: 0}
--- !u!65 &1559492895
BoxCollider:
  m_ObjectHideFlags: 0
  m_CorrespondingSourceObject: {fileID: 0}
  m_PrefabInstance: {fileID: 0}
  m_PrefabAsset: {fileID: 0}
  m_GameObject: {fileID: 1559492893}
  m_Material: {fileID: 0}
  m_IsTrigger: 0
  m_Enabled: 1
  serializedVersion: 2
  m_Size: {x: 1, y: 1, z: 1}
  m_Center: {x: 0, y: 0, z: 0}
--- !u!23 &1559492896
MeshRenderer:
  m_ObjectHideFlags: 0
  m_CorrespondingSourceObject: {fileID: 0}
  m_PrefabInstance: {fileID: 0}
  m_PrefabAsset: {fileID: 0}
  m_GameObject: {fileID: 1559492893}
  m_Enabled: 1
  m_CastShadows: 1
  m_ReceiveShadows: 1
  m_DynamicOccludee: 1
  m_MotionVectors: 1
  m_LightProbeUsage: 1
  m_ReflectionProbeUsage: 1
  m_RenderingLayerMask: 1
  m_RendererPriority: 0
  m_Materials:
  - {fileID: 2100000, guid: d56361076e32b1f4abbff2731302a115, type: 2}
  m_StaticBatchInfo:
    firstSubMesh: 0
    subMeshCount: 0
  m_StaticBatchRoot: {fileID: 0}
  m_ProbeAnchor: {fileID: 0}
  m_LightProbeVolumeOverride: {fileID: 0}
  m_ScaleInLightmap: 1
  m_ReceiveGI: 1
  m_PreserveUVs: 0
  m_IgnoreNormalsForChartDetection: 0
  m_ImportantGI: 0
  m_StitchLightmapSeams: 1
  m_SelectedEditorRenderState: 3
  m_MinimumChartSize: 4
  m_AutoUVMaxDistance: 0.5
  m_AutoUVMaxAngle: 89
  m_LightmapParameters: {fileID: 0}
  m_SortingLayerID: 0
  m_SortingLayer: 0
  m_SortingOrder: 0
--- !u!33 &1559492897
MeshFilter:
  m_ObjectHideFlags: 0
  m_CorrespondingSourceObject: {fileID: 0}
  m_PrefabInstance: {fileID: 0}
  m_PrefabAsset: {fileID: 0}
  m_GameObject: {fileID: 1559492893}
  m_Mesh: {fileID: 10202, guid: 0000000000000000e000000000000000, type: 0}
--- !u!114 &1559492898
MonoBehaviour:
  m_ObjectHideFlags: 0
  m_CorrespondingSourceObject: {fileID: 0}
  m_PrefabInstance: {fileID: 0}
  m_PrefabAsset: {fileID: 0}
  m_GameObject: {fileID: 1559492893}
  m_Enabled: 1
  m_EditorHideFlags: 0
  m_Script: {fileID: 11500000, guid: 1e3fdca004f2d45fe8abbed571a8abd5, type: 3}
  m_Name: 
  m_EditorClassIdentifier: 
  m_OverrideArea: 1
  m_Area: 1
  m_IgnoreFromBuild: 0
  m_AffectedAgents: ffffffff
--- !u!1 &1563138642 stripped
GameObject:
  m_CorrespondingSourceObject: {fileID: 3839892541924796622, guid: 8d2ab7276282195458cf632828c5a013,
    type: 3}
  m_PrefabInstance: {fileID: 3839892542647890588}
  m_PrefabAsset: {fileID: 0}
--- !u!114 &1563138644
MonoBehaviour:
  m_ObjectHideFlags: 0
  m_CorrespondingSourceObject: {fileID: 0}
  m_PrefabInstance: {fileID: 0}
  m_PrefabAsset: {fileID: 0}
  m_GameObject: {fileID: 1563138642}
  m_Enabled: 1
  m_EditorHideFlags: 0
  m_Script: {fileID: 11500000, guid: 94849c0dc34643d4b8a30f4b52ae4d57, type: 3}
  m_Name: 
  m_EditorClassIdentifier: 
  _cameraSpeed: 10
--- !u!1 &1869495213
GameObject:
  m_ObjectHideFlags: 0
  m_CorrespondingSourceObject: {fileID: 0}
  m_PrefabInstance: {fileID: 0}
  m_PrefabAsset: {fileID: 0}
  serializedVersion: 6
  m_Component:
  - component: {fileID: 1869495214}
  m_Layer: 0
  m_Name: ObjectsOnScene
  m_TagString: Untagged
  m_Icon: {fileID: 0}
  m_NavMeshLayer: 0
  m_StaticEditorFlags: 0
  m_IsActive: 1
--- !u!4 &1869495214
Transform:
  m_ObjectHideFlags: 0
  m_CorrespondingSourceObject: {fileID: 0}
  m_PrefabInstance: {fileID: 0}
  m_PrefabAsset: {fileID: 0}
  m_GameObject: {fileID: 1869495213}
  m_LocalRotation: {x: -0, y: -0, z: -0, w: 1}
  m_LocalPosition: {x: 0, y: 0, z: 0}
  m_LocalScale: {x: 1, y: 1, z: 1}
  m_Children:
  - {fileID: 93467322}
  - {fileID: 2109464904}
  m_Father: {fileID: 1977292148}
  m_RootOrder: 0
  m_LocalEulerAnglesHint: {x: 0, y: 0, z: 0}
--- !u!1 &1977292147
GameObject:
  m_ObjectHideFlags: 0
  m_CorrespondingSourceObject: {fileID: 0}
  m_PrefabInstance: {fileID: 0}
  m_PrefabAsset: {fileID: 0}
  serializedVersion: 6
  m_Component:
  - component: {fileID: 1977292148}
  m_Layer: 0
  m_Name: Map
  m_TagString: Untagged
  m_Icon: {fileID: 0}
  m_NavMeshLayer: 0
  m_StaticEditorFlags: 0
  m_IsActive: 1
--- !u!4 &1977292148
Transform:
  m_ObjectHideFlags: 0
  m_CorrespondingSourceObject: {fileID: 0}
  m_PrefabInstance: {fileID: 0}
  m_PrefabAsset: {fileID: 0}
  m_GameObject: {fileID: 1977292147}
  m_LocalRotation: {x: 0, y: 0, z: 0, w: 1}
  m_LocalPosition: {x: 0, y: 0, z: 0}
  m_LocalScale: {x: 1, y: 1, z: 1}
  m_Children:
  - {fileID: 1869495214}
  - {fileID: 133655396}
  - {fileID: 1012508382}
  - {fileID: 1528708022}
  - {fileID: 1267051458}
  m_Father: {fileID: 0}
  m_RootOrder: 3
  m_LocalEulerAnglesHint: {x: 0, y: 0, z: 0}
--- !u!1 &2039403441
GameObject:
  m_ObjectHideFlags: 0
  m_CorrespondingSourceObject: {fileID: 0}
  m_PrefabInstance: {fileID: 0}
  m_PrefabAsset: {fileID: 0}
  serializedVersion: 6
  m_Component:
  - component: {fileID: 2039403442}
  m_Layer: 0
  m_Name: GameModules
  m_TagString: Untagged
  m_Icon: {fileID: 0}
  m_NavMeshLayer: 0
  m_StaticEditorFlags: 0
  m_IsActive: 1
--- !u!4 &2039403442
Transform:
  m_ObjectHideFlags: 0
  m_CorrespondingSourceObject: {fileID: 0}
  m_PrefabInstance: {fileID: 0}
  m_PrefabAsset: {fileID: 0}
  m_GameObject: {fileID: 2039403441}
  m_LocalRotation: {x: 0, y: 0, z: 0, w: 1}
  m_LocalPosition: {x: 0, y: 0, z: 0}
  m_LocalScale: {x: 1, y: 1, z: 1}
  m_Children:
  - {fileID: 442669667}
  - {fileID: 37756997}
  - {fileID: 132144894}
  m_Father: {fileID: 0}
  m_RootOrder: 0
  m_LocalEulerAnglesHint: {x: 0, y: 0, z: 0}
--- !u!4 &2109464904 stripped
Transform:
  m_CorrespondingSourceObject: {fileID: -4216859302048453862, guid: dadb099b10412894fa7010ea5ee3cfb7,
    type: 3}
  m_PrefabInstance: {fileID: 1439044902}
  m_PrefabAsset: {fileID: 0}
--- !u!1001 &1803343343489906075
PrefabInstance:
  m_ObjectHideFlags: 0
  serializedVersion: 2
  m_Modification:
    m_TransformParent: {fileID: 1528708022}
    m_Modifications:
    - target: {fileID: 7468524830197842086, guid: 94be0c0f853b9fb4b8d0f68b6d721d2c,
        type: 3}
      propertyPath: m_Name
      value: Spawnpoint2
      objectReference: {fileID: 0}
    - target: {fileID: 7468524830197842085, guid: 94be0c0f853b9fb4b8d0f68b6d721d2c,
        type: 3}
      propertyPath: m_LocalPosition.x
      value: 2.964
      objectReference: {fileID: 0}
    - target: {fileID: 7468524830197842085, guid: 94be0c0f853b9fb4b8d0f68b6d721d2c,
        type: 3}
      propertyPath: m_LocalPosition.y
      value: 0.809
      objectReference: {fileID: 0}
    - target: {fileID: 7468524830197842085, guid: 94be0c0f853b9fb4b8d0f68b6d721d2c,
        type: 3}
      propertyPath: m_LocalPosition.z
      value: 33.08
      objectReference: {fileID: 0}
    - target: {fileID: 7468524830197842085, guid: 94be0c0f853b9fb4b8d0f68b6d721d2c,
        type: 3}
      propertyPath: m_LocalRotation.x
      value: -0
      objectReference: {fileID: 0}
    - target: {fileID: 7468524830197842085, guid: 94be0c0f853b9fb4b8d0f68b6d721d2c,
        type: 3}
      propertyPath: m_LocalRotation.y
      value: 0.70710576
      objectReference: {fileID: 0}
    - target: {fileID: 7468524830197842085, guid: 94be0c0f853b9fb4b8d0f68b6d721d2c,
        type: 3}
      propertyPath: m_LocalRotation.z
      value: -0
      objectReference: {fileID: 0}
    - target: {fileID: 7468524830197842085, guid: 94be0c0f853b9fb4b8d0f68b6d721d2c,
        type: 3}
      propertyPath: m_LocalRotation.w
      value: 0.70710784
      objectReference: {fileID: 0}
    - target: {fileID: 7468524830197842085, guid: 94be0c0f853b9fb4b8d0f68b6d721d2c,
        type: 3}
      propertyPath: m_RootOrder
      value: 2
      objectReference: {fileID: 0}
    - target: {fileID: 7468524830197842085, guid: 94be0c0f853b9fb4b8d0f68b6d721d2c,
        type: 3}
      propertyPath: m_LocalEulerAnglesHint.x
      value: 0
      objectReference: {fileID: 0}
    - target: {fileID: 7468524830197842085, guid: 94be0c0f853b9fb4b8d0f68b6d721d2c,
        type: 3}
      propertyPath: m_LocalEulerAnglesHint.y
      value: 90.00001
      objectReference: {fileID: 0}
    - target: {fileID: 7468524830197842085, guid: 94be0c0f853b9fb4b8d0f68b6d721d2c,
        type: 3}
      propertyPath: m_LocalEulerAnglesHint.z
      value: 0
      objectReference: {fileID: 0}
    m_RemovedComponents:
    - {fileID: 2715767428386850544, guid: 94be0c0f853b9fb4b8d0f68b6d721d2c, type: 3}
  m_SourcePrefab: {fileID: 100100000, guid: 94be0c0f853b9fb4b8d0f68b6d721d2c, type: 3}
--- !u!4 &1803343343489906076 stripped
Transform:
  m_CorrespondingSourceObject: {fileID: 7468524830197842085, guid: 94be0c0f853b9fb4b8d0f68b6d721d2c,
    type: 3}
  m_PrefabInstance: {fileID: 1803343343489906075}
  m_PrefabAsset: {fileID: 0}
--- !u!1001 &3839892542647890588
PrefabInstance:
  m_ObjectHideFlags: 0
  serializedVersion: 2
  m_Modification:
    m_TransformParent: {fileID: 0}
    m_Modifications:
    - target: {fileID: 3839892541924796622, guid: 8d2ab7276282195458cf632828c5a013,
        type: 3}
      propertyPath: m_Name
      value: Camera
      objectReference: {fileID: 0}
    - target: {fileID: 3839892541924796623, guid: 8d2ab7276282195458cf632828c5a013,
        type: 3}
      propertyPath: m_LocalPosition.x
      value: 0
      objectReference: {fileID: 0}
    - target: {fileID: 3839892541924796623, guid: 8d2ab7276282195458cf632828c5a013,
        type: 3}
      propertyPath: m_LocalPosition.y
      value: 0
      objectReference: {fileID: 0}
    - target: {fileID: 3839892541924796623, guid: 8d2ab7276282195458cf632828c5a013,
        type: 3}
      propertyPath: m_LocalPosition.z
      value: 0
      objectReference: {fileID: 0}
    - target: {fileID: 3839892541924796623, guid: 8d2ab7276282195458cf632828c5a013,
        type: 3}
      propertyPath: m_LocalRotation.x
      value: 0
      objectReference: {fileID: 0}
    - target: {fileID: 3839892541924796623, guid: 8d2ab7276282195458cf632828c5a013,
        type: 3}
      propertyPath: m_LocalRotation.y
      value: 0
      objectReference: {fileID: 0}
    - target: {fileID: 3839892541924796623, guid: 8d2ab7276282195458cf632828c5a013,
        type: 3}
      propertyPath: m_LocalRotation.z
      value: 0
      objectReference: {fileID: 0}
    - target: {fileID: 3839892541924796623, guid: 8d2ab7276282195458cf632828c5a013,
        type: 3}
      propertyPath: m_LocalRotation.w
      value: 1
      objectReference: {fileID: 0}
    - target: {fileID: 3839892541924796623, guid: 8d2ab7276282195458cf632828c5a013,
        type: 3}
      propertyPath: m_RootOrder
      value: 2
      objectReference: {fileID: 0}
    - target: {fileID: 3839892541924796623, guid: 8d2ab7276282195458cf632828c5a013,
        type: 3}
      propertyPath: m_LocalEulerAnglesHint.x
      value: 0
      objectReference: {fileID: 0}
    - target: {fileID: 3839892541924796623, guid: 8d2ab7276282195458cf632828c5a013,
        type: 3}
      propertyPath: m_LocalEulerAnglesHint.y
      value: 0
      objectReference: {fileID: 0}
    - target: {fileID: 3839892541924796623, guid: 8d2ab7276282195458cf632828c5a013,
        type: 3}
      propertyPath: m_LocalEulerAnglesHint.z
      value: 0
      objectReference: {fileID: 0}
    m_RemovedComponents:
    - {fileID: 3839892543606874089, guid: 8d2ab7276282195458cf632828c5a013, type: 3}
  m_SourcePrefab: {fileID: 100100000, guid: 8d2ab7276282195458cf632828c5a013, type: 3}
--- !u!1001 &4468511457033171252
PrefabInstance:
  m_ObjectHideFlags: 0
  serializedVersion: 2
  m_Modification:
    m_TransformParent: {fileID: 1267051458}
    m_Modifications:
    - target: {fileID: 8824830972764719718, guid: 0b0ea05872b613d44935d6c21d649d1a,
        type: 3}
      propertyPath: m_Name
      value: tower_base
      objectReference: {fileID: 0}
    - target: {fileID: 5486300082172557429, guid: 0b0ea05872b613d44935d6c21d649d1a,
        type: 3}
      propertyPath: m_LocalPosition.x
      value: 0.8010597
      objectReference: {fileID: 0}
    - target: {fileID: 5486300082172557429, guid: 0b0ea05872b613d44935d6c21d649d1a,
        type: 3}
      propertyPath: m_LocalPosition.y
      value: -14.426487
      objectReference: {fileID: 0}
    - target: {fileID: 5486300082172557429, guid: 0b0ea05872b613d44935d6c21d649d1a,
        type: 3}
      propertyPath: m_LocalPosition.z
      value: 30.434052
      objectReference: {fileID: 0}
    - target: {fileID: 5486300082172557429, guid: 0b0ea05872b613d44935d6c21d649d1a,
        type: 3}
      propertyPath: m_LocalRotation.x
      value: -0
      objectReference: {fileID: 0}
    - target: {fileID: 5486300082172557429, guid: 0b0ea05872b613d44935d6c21d649d1a,
        type: 3}
      propertyPath: m_LocalRotation.y
      value: -0
      objectReference: {fileID: 0}
    - target: {fileID: 5486300082172557429, guid: 0b0ea05872b613d44935d6c21d649d1a,
        type: 3}
      propertyPath: m_LocalRotation.z
      value: -0
      objectReference: {fileID: 0}
    - target: {fileID: 5486300082172557429, guid: 0b0ea05872b613d44935d6c21d649d1a,
        type: 3}
      propertyPath: m_LocalRotation.w
      value: 1
      objectReference: {fileID: 0}
    - target: {fileID: 5486300082172557429, guid: 0b0ea05872b613d44935d6c21d649d1a,
        type: 3}
      propertyPath: m_RootOrder
      value: 3
      objectReference: {fileID: 0}
    - target: {fileID: 5486300082172557429, guid: 0b0ea05872b613d44935d6c21d649d1a,
        type: 3}
      propertyPath: m_LocalEulerAnglesHint.x
      value: 0
      objectReference: {fileID: 0}
    - target: {fileID: 5486300082172557429, guid: 0b0ea05872b613d44935d6c21d649d1a,
        type: 3}
      propertyPath: m_LocalEulerAnglesHint.y
      value: 0
      objectReference: {fileID: 0}
    - target: {fileID: 5486300082172557429, guid: 0b0ea05872b613d44935d6c21d649d1a,
        type: 3}
      propertyPath: m_LocalEulerAnglesHint.z
      value: 0
      objectReference: {fileID: 0}
    m_RemovedComponents: []
  m_SourcePrefab: {fileID: 100100000, guid: 0b0ea05872b613d44935d6c21d649d1a, type: 3}
--- !u!1001 &7468524830440721103
PrefabInstance:
  m_ObjectHideFlags: 0
  serializedVersion: 2
  m_Modification:
    m_TransformParent: {fileID: 1528708022}
    m_Modifications:
    - target: {fileID: 7468524830197842086, guid: 94be0c0f853b9fb4b8d0f68b6d721d2c,
        type: 3}
      propertyPath: m_Name
      value: Spawnpoint1
      objectReference: {fileID: 0}
    - target: {fileID: 7468524830197842085, guid: 94be0c0f853b9fb4b8d0f68b6d721d2c,
        type: 3}
      propertyPath: m_LocalPosition.x
      value: -33.073
      objectReference: {fileID: 0}
    - target: {fileID: 7468524830197842085, guid: 94be0c0f853b9fb4b8d0f68b6d721d2c,
        type: 3}
      propertyPath: m_LocalPosition.y
      value: 0.83
      objectReference: {fileID: 0}
    - target: {fileID: 7468524830197842085, guid: 94be0c0f853b9fb4b8d0f68b6d721d2c,
        type: 3}
      propertyPath: m_LocalPosition.z
      value: 0
      objectReference: {fileID: 0}
    - target: {fileID: 7468524830197842085, guid: 94be0c0f853b9fb4b8d0f68b6d721d2c,
        type: 3}
      propertyPath: m_LocalRotation.x
      value: 0
      objectReference: {fileID: 0}
    - target: {fileID: 7468524830197842085, guid: 94be0c0f853b9fb4b8d0f68b6d721d2c,
        type: 3}
      propertyPath: m_LocalRotation.y
      value: 0
      objectReference: {fileID: 0}
    - target: {fileID: 7468524830197842085, guid: 94be0c0f853b9fb4b8d0f68b6d721d2c,
        type: 3}
      propertyPath: m_LocalRotation.z
      value: 0
      objectReference: {fileID: 0}
    - target: {fileID: 7468524830197842085, guid: 94be0c0f853b9fb4b8d0f68b6d721d2c,
        type: 3}
      propertyPath: m_LocalRotation.w
      value: 1
      objectReference: {fileID: 0}
    - target: {fileID: 7468524830197842085, guid: 94be0c0f853b9fb4b8d0f68b6d721d2c,
        type: 3}
      propertyPath: m_RootOrder
      value: 0
      objectReference: {fileID: 0}
    - target: {fileID: 7468524830197842085, guid: 94be0c0f853b9fb4b8d0f68b6d721d2c,
        type: 3}
      propertyPath: m_LocalEulerAnglesHint.x
      value: 0
      objectReference: {fileID: 0}
    - target: {fileID: 7468524830197842085, guid: 94be0c0f853b9fb4b8d0f68b6d721d2c,
        type: 3}
      propertyPath: m_LocalEulerAnglesHint.y
      value: 0
      objectReference: {fileID: 0}
    - target: {fileID: 7468524830197842085, guid: 94be0c0f853b9fb4b8d0f68b6d721d2c,
        type: 3}
      propertyPath: m_LocalEulerAnglesHint.z
      value: 0
      objectReference: {fileID: 0}
    m_RemovedComponents: []
  m_SourcePrefab: {fileID: 100100000, guid: 94be0c0f853b9fb4b8d0f68b6d721d2c, type: 3}
--- !u!4 &8223598920743176513 stripped
Transform:
  m_CorrespondingSourceObject: {fileID: 5486300082172557429, guid: 0b0ea05872b613d44935d6c21d649d1a,
    type: 3}
  m_PrefabInstance: {fileID: 4468511457033171252}
  m_PrefabAsset: {fileID: 0}
